%----------------------------------------------------------------------------------------------------------------------------------
% Extra fields for the natbib package:
% ISBN: ISBN number in books.
% ISSN: ISSN number in periodicals.
% URL:  internet address of online documents.
% DOI:  Digital Object Identifier now being used by many journals.
% EID:  electronic ID, a substitute for page numbers for online journals.

%----------------------------------------------------------------------------------------------------------------------------------
% articles
% needed fields: author, title, journal, year
% optional fields: volume, number, pages, month, note, key

@article{zaghi-2015,
  title    = {{Application of dynamic overlapping grids to the simulation of the flow around a fully-appended submarine}},
  author   = {S. Zaghi and A. Di Mascio and R. Broglia and R. Muscari},
  journal  = {Mathematics and Computers in Simulation },
  volume   = {116},
  number   = {0},
  pages    = {75--88},
  year     = {2015},
  issn     = {0378-4754},
  doi      = {http://dx.doi.org/10.1016/j.matcom.2014.11.003},
  url      = {http://www.sciencedirect.com/science/article/pii/S0378475414003000},
}

@article{dimascio-2014,
   author = {{Di Mascio}, A. and {Muscari}, R. and {Dubbioso}, G.},
    title = {{On the wake dynamics of a propeller operating in drift}},
  journal = {Journal of Fluid Mechanics},
     year = {2014},
    month = {sep},
   volume = {754},
    pages = {263--307},
      doi = {10.1017/jfm.2014.390},
      url = {http://adsabs.harvard.edu/abs/2014JFM...754..263D},
}

@article{zaghi-2014,
  author  = {S. Zaghi},
  title   = {{OFF, Open source Finite volume Fluid dynamics code: A free, high-order solver based on parallel, modular, object-oriented Fortran API}},
  journal = {Computer Physics Communications },
  volume  = {},
  number  = {0},
  pages   = { - },
  year    = {2014},
  issn    = {0010-4655},
  doi     = {http://dx.doi.org/10.1016/j.cpc.2014.04.005},
  url     = {http://www.sciencedirect.com/science/article/pii/S0010465514001283},
}

@article{friess-2013,
  author  = {{Billaud Friess}, M. and {Kokh}, S.},
  title   = {{Simulation of sharp interface multi-material flows involving an arbitrary number of components through an extended five-equation model}},
  journal = {ArXiv e-prints},
  year    = {2013},
  month   = {July},
  url     = {http://adsabs.harvard.edu/abs/2013arXiv1307.8375B},
}

@article{dubbioso-2013,
  title     = {Analysis of the performances of a marine propeller operating in oblique flow},
  author    = {Dubbioso, G. and Muscari, R. and Di Mascio, A.},
  journal   = {Computers \& Fluids},
  year      = {2013},
  volume    = {75},
  number    = {0},
  pages     = {86--102},
  publisher = {Elsevier},
  DOI       = {10.1016/j.compfluid.2013.01.017},
  ISSN      = {0045-7930},
  URL       = {http://www.sciencedirect.com/science/article/pii/S0045793013000352},
}

@article{yoo-2013,
  author  = {Yoo, J.Y.},
  title   = {{The Turbulent Flows of Supercritical Fluids with Heat Transfer}},
  journal = {Annual Review of Fluid Mechanics},
  volume  = {45},
  number  = {1},
  pages   = {495-525},
  year    = {2013},
  URL     = {http://www.annualreviews.org/DOI/abs/10.1146/annurev-fluid-120710-101234},
  DOI     = {10.1146/annurev-fluid-120710-101234},
  eprint  = {http://www.annualreviews.org/DOI/pdf/10.1146/annurev-fluid-120710-101234}
}

@article{rotunno-2013,
  author  = {Rotunno, R.},
  title   = {{The Fluid Dynamics of Tornadoes}},
  journal = {Annual Review of Fluid Mechanics},
  volume  = {45},
  number  = {1},
  pages   = {59-84},
  year    = {2013},
  URL     = {http://www.annualreviews.org/DOI/abs/10.1146/annurev-fluid-011212-140639},
  DOI     = {10.1146/annurev-fluid-011212-140639},
  eprint  = {http://www.annualreviews.org/DOI/pdf/10.1146/annurev-fluid-011212-140639}
}

@article{krogstad-2013,
title     = {{``Blind test'' calculations of the performance and wake development for a model wind turbine}},
author    = {Krogstad, P.{\AA}. and Eriksen, P.E.},
journal   = {Renewable Energy},
volume    = {50},
number    = {0},
pages     = {325--333},
year      = {2013},
publisher = {Elsevier},
ISSN      = {0960-1481},
URL       = {http://www.sciencedirect.com/science/article/pii/S0960148112003953},
DOI       = {10.1016/j.renene.2012.06.044}
}

@article{raj-2013,
  title     = {{Energy efficient piston configuration for effective air motion-A CFD study}},
  author    = {Raj, A.R.G.S. and Mallikarjuna, J.M. and Ganesan, V.},
  journal   = {Applied Energy},
  volume    = {102},
  number    = {0},
  pages     = {347--354},
  year      = {2013},
  publisher = {Elsevier},
  DOI       = {10.1016/j.apenergy.2012.07.022},
  ISSN      = {0306-2619},
  URL       = {http://www.sciencedirect.com/science/article/pii/S030626191200534X},
}

@article{fox-2012,
  author  = {Fox, Rodney O.},
  title   = {{Large-Eddy-Simulation Tools for Multiphase Flows}},
  journal = {Annual Review of Fluid Mechanics},
  volume  = {44},
  number  = {1},
  pages   = {47-76},
  year    = {2012},
  doi     = {10.1146/annurev-fluid-120710-101118},
  URL     = { http://dx.doi.org/10.1146/annurev-fluid-120710-101118},
}

@article{breton-2012,
  author    = {Breton, S.P. and Watters, C.S. and Masson, C. and Gomez–Iradi, S. and Munduate, X.},
  title     = {{On the prediction of tip vortices in the near wake of the MEXICO rotor using the actuator surface method}},
  journal   = {International Journal of Engineering Systems Modelling and Simulation},
  volume    = {4},
  number    = {1},
  pages     = {11--26},
  year      = {2012},
  DOI       = {10.1504/IJESMS.2012.044840},
  ISSN      = {0960-1481},
  URL       = {http://inderscience.metapress.com/content/YK1777834R06NN1X},
}

@article{cho-2012,
  author    = {Cho, T. and Kim, C.},
  title     = {{Wind tunnel test results for a 2/4.5 scale MEXICO rotor}},
  journal   = {Renewable Energy},
  volume    = {42},
  number    = {0},
  pages     = {152--156},
  year      = {2012},
  publisher = {Elsevier},
  DOI       = {10.1016/j.renene.2011.08.031},
  ISSN      = {0960-1481},
  URL       = {http://www.sciencedirect.com/science/article/pii/S0960148111004903},
}

@article{li-2012,
  title     = {Dynamic overset CFD simulations of wind turbine aerodynamics},
  author    = {Yuwei Li and Kwang-Jun Paik and Tao Xing and Pablo M. Carrica},
  journal   = {Renewable Energy},
  volume    = {37},
  number    = {1},
  pages     = {285--298},
  year      = {2012},
  publisher = {Elsevier},
  ISSN      = {0960-1481},
  URL       = {http://www.sciencedirect.com/science/article/pii/S0960148111003223},
  DOI       = {10.1016/j.renene.2011.06.029},
}

@article{muscari-2013,
  title     = {{Modelling of vortex dynamics in the wake of a marine propeller}},
  author    = {Muscari, R. and {Di Mascio}, A. and Verzicco, R.},
  journal   = {Computers \& Fluids},
  publisher = {Elsevier},
  volume    = {73},
  number    = {0},
  pages     = {65--79},
  year      = {2013},
  issn      = {0045-7930},
  doi       = {http://dx.doi.org/10.1016/j.compfluid.2012.12.003},
  url       = {http://www.sciencedirect.com/science/article/pii/S0045793012004549},
}

@article{seydel-2012,
  author    = {Seydel, J. and Aliseda, A.},
  title     = {{Wind turbine performance in shear flow and in the wake of another turbine through high fidelity numerical simulations with moving mesh technique}},
  year      = {2012},
  pages     = {n/a--n/a},
  journal   = {Wind Energy},
  publisher = {Wiley Online Library},
  ISSN      = {1099-1824},
  URL       = {http://dx.DOI.org/10.1002/we.535},
  DOI       = {10.1002/we.535}
}

@article{krogstad-2012-exp,
  title     = {{Performance and near wake measurements of a model horizontal axis wind turbine}},
  author    = {Krogstad, P.{\AA}. and Adaramola, M.S.},
  journal   = {Wind Energy},
  volume    = {15},
  number    = {5},
  pages     = {743--756},
  year      = {2012},
  publisher = {Wiley Online Library},
  ISSN      = {1099-1824},
  URL       = {http://dx.DOI.org/10.1002/we.502},
  DOI       = {10.1002/we.502}
}

@article{krogstad-2012-exp-num,
  title     = {{An experimental and numerical study of the performance of a model turbine}},
  author    = {Krogstad, P.{\AA}. and Lund, J.A.},
  journal   = {Wind Energy},
  volume    = {15},
  number    = {3},
  pages     = {443--457},
  year      = {2012},
  publisher = {Wiley Online Library},
  ISSN      = {1099-1824},
  URL       = {http://dx.DOI.org/10.1002/we.482},
  DOI       = {10.1002/we.482}
}

@article{shen-2012,
  author    = {Shen, W.Z. and Zhu, W.J. and S{\o}rensen, J.N.},
  title     = {{Actuator line/Navier–Stokes computations for the MEXICO rotor: comparison with detailed measurements}},
  journal   = {Wind Energy},
  volume    = {15},
  number    = {5},
  publisher = {John Wiley \& Sons, Ltd},
  pages     = {811--825},
  year      = {2012},
  ISSN      = {1099-1824},
  URL       = {http://dx.DOI.org/10.1002/we.510},
  DOI       = {10.1002/we.510},
}

@article{adaramola-2011,
  title     = {{Experimental investigation of wake effects on wind turbine performance}},
  author    = {Adaramola, M.S. and Krogstad, P.{\AA}.},
  journal   = {Renewable Energy},
  volume    = {36},
  number    = {8},
  pages     = {2078--2086},
  year      = {2011},
  publisher = {Elsevier},
  ISSN      = {0960-1481},
  URL       = {http://www.sciencedirect.com/science/article/pii/S0960148111000462},
  DOI       = {10.1016/j.renene.2011.01.024}
}

@article{bechmann-2011,
  author    = {Bechmann, A. and S{\o}rensen, N. N. and Zahle, F.},
  title     = {{CFD simulations of the MEXICO rotor}},
  journal   = {Wind Energy},
  volume    = {14},
  number    = {5},
  publisher = {John Wiley \& Sons, Ltd.},
  pages     = {677--689},
  year      = {2011},
  ISSN      = {1099-1824},
  URL       = {http://dx.DOI.org/10.1002/we.450},
  DOI       = {10.1002/we.450},
}

@article{castiglione-2011,
  title     = {Numerical investigation of the seakeeping behavior of a catamaran advancing in regular head waves},
  author    = {Teresa Castiglione and Frederick Stern and Sergio Bova and Manivannan Kandasamy},
  journal   = {Ocean Engineering},
  publisher = {Elsevier},
  volume    = {38},
  number    = {16},
  pages     = {1806--1822},
  year      = {2011},
  DOI       = {10.1016/j.oceaneng.2011.09.003},
  ISSN      = {0029-8018},
  URL       = {http://www.sciencedirect.com/science/article/pii/S0029801811001971},
}

@article{sorensen-2011,
  title     = {{Aerodynamic Aspects of Wind Energy Conversion}},
  author    = {S{\o}rensen, J.N.},
  journal   = {Annual Review of Fluid Mechanics},
  volume    = {43},
  pages     = {427--448},
  year      = {2011},
  publisher = {Annual Reviews},
  DOI       = {10.1146/annurev-fluid-122109-160801},
  URL       = {http://www.annualreviews.org/DOI/abs/10.1146/annurev-fluid-122109-160801},
}

@article{dimascio-2011,
  title     = {{Investigation of Twin-Screw Naval Ships Maneuverability Behavior}},
  author    = {Di Mascio, A. and Dubbioso, G. and Notaro, C. and Viviani, M.},
  journal   = {Journal of Ship Research},
  volume    = {55},
  number    = {4},
  pages     = {221--248},
  year      = {2011},
  publisher = {Society of Naval Architects and Marine Engineers (SNAME)}
}

@article{muscari-2011,
  title     = {{Analysis of the Flow Past a Fully Appended Hull with Propellers by Computational and Experimental Fluid Dynamics}},
  author    = {Muscari, R. and Felli, M. and Di Mascio, A.},
  journal   = {Journal of Fluids Engineering},
  volume    = {133},
  number    = {6},
  year      = {2011},
  publisher = {American Society of Mechanical Engineers},
  DOI       = {10.1115/1.4004215}
}

@article{zhang-2011,
  title     = {{Maximum-principle-satisfying and positivity-preserving high-order schemes for conservation laws: survey and new developments}\index{Zhang, X.}\index{and Shu, C.W.}},
  author    = {Zhang, X. and Shu, C.W.},
  journal   = {Proceedings of the Royal Society A: Mathematical, Physical and Engineering Science},
  volume    = {467},
  number    = {2134},
  pages     = {2752--2776},
  year      = {2011},
  publisher = {The Royal Society}
}

@article{zaghi-2011,
title   = {Analysis of the Interference Effects for High-Speed Catamarans by Model Tests and Numerical Simulations},
author  = {Zaghi, S. and Broglia, R. and Di Mascio, A.},
journal = {Ocean Engineering},
volume  = {38},
number  = {17-18},
pages   = {2110--2122},
year    = {2011},
DOI     = {10.1016/j.oceaneng.2011.09.037},
ISSN    = {0029-8018},
URL     = {http://www.sciencedirect.com/science/article/pii/S0029801811002319},
}

@article{broglia-2011,
  title     = {Numerical simulation of interference effects for a high-speed catamaran},
  author    = {Broglia, R. and Zaghi, S. and Di Mascio, A.},
  journal   = {Journal of Marine Science and Technology},
  publisher = {Springer Japan},
  year      = {2011},
  volume    = {16},
  issue     = {3},
  pages     = {254--269},
  DOI       = {10.1007/s00773-011-0132-3},
  ISSN      = {0948-4280},
  URL       = {http://dx.DOI.org/10.1007/s00773-011-0132-3},
}

@article{portagel-2011,
  title     = {{Large-eddy simulation of atmospheric boundary layer flow through wind turbines and wind farms}},
  author    = {Port\'e-Agel, F.  and Wu, Y.T.  and Lu, H. and Conzemius, R.J.},
  journal   = {Journal of Wind Engineering and Industrial Aerodynamics},
  year      = {2011},
  volume    = {99},
  number    = {4},
  pages     = {154--168},
  publisher = {Elsevier},
  ISSN      = {0167-6105},
  URL       = {http://www.sciencedirect.com/science/article/pii/S0167610511000134},
  DOI       = {10.1016/j.jweia.2011.01.011}
}

@article{sanderse-2011,
  title     = {{Review of computational fluid dynamics for wind turbine wake aerodynamics}},
  author    = {Sanderse, B. and van der Pijl, S.P. and Koren, B.},
  journal   = {Wind Energy},
  year      = {2011},
  volume    = {14},
  number    = {7},
  pages     = {799--819},
  publisher = {John Wiley \& Sons, Ltd},
  ISSN      = {1099-1824},
  URL       = {http://dx.DOI.org/10.1002/we.458},
  DOI       = {10.1002/we.458},
}

@article{shen-2011,
  title     = {{Wind turbine aerodynamics and loads control in wind shear flow}},
  author    = {Xin Shen and Xiaocheng Zhu and Zhaohui Du},
  journal   = {Energy},
  volume    = {36},
  number    = {3},
  pages     = {1424--1434},
  year      = {2011},
  publisher = {Elsevier},
  ISSN      = {0360-5442},
  URL       = {http://www.sciencedirect.com/science/article/pii/S0360544211000296},
  DOI       = {10.1016/j.energy.2011.01.028}
}

@article{jia-2011,
  title     = {{The effect of injection timing and intake valve close timing on performance and emissions of diesel PCCI engine with a full engine cycle CFD simulation}},
  author    = {Jia, M. and Xie, M. and Wang, T. and Peng, Z.},
  journal   = {Applied Energy},
  volume    = {88},
  number    = {9},
  pages     = {2967--2975},
  year      = {2011},
  publisher = {Elsevier},
  DOI       = {10.1016/j.apenergy.2011.03.024},
  ISSN      = {0306-2619},
  URL       = {http://www.sciencedirect.com/science/article/pii/S0306261911001814},
}

@article{roache-2011,
	title   = {{Discussion: “Factors of Safety for Richardson Extrapolation” (Xing, T., and Stern, F., 2010, ASME J. Fluids Eng., 132, p. 061403)}},
	author  = {Roache, P.J.},
	journal = {Journal of Fluids Engineering},
	month   = {October},
	note    = {10.1115/1.4005029},
	number  = {11},
	pages   = {115501--115501},
	volume  = {133},
	year    = {2011},
	DOI     = {http://dx.doi.org/10.1115/1.4005029},
	ISSN    = {0098-2202},
}

@article{xing-2011,
	title   = {{Closure to “Discussion of ‘Factors of Safety for Richardson Extrapolation’ ” (2011, ASME J. Fluids Eng., 133, p. 115501)}},
	author  = {Xing, T. and Stern, F.},
	journal = {Journal of Fluids Engineering},
	month   = {December},
	note    = {10.1115/1.4005030},
	number  = {11},
	pages   = {115502--115502},
	volume  = {133},
	year    = {2011},
	DOI     = {http://dx.doi.org/10.1115/1.4005030},
	ISSN    = {0098-2202},
}

@article{tenneti-2010,
  author  = {Tenneti S},
  author  = {Garg R},
  author  = {Hrenya CM},
  author  = {Fox RO},
  author  = {Subramaniam S},
  title   = {{Direct numerical simulation of gas-solid suspensions at moderate Reynolds number: quantifying the coupling between hydrodynamic forces and particle velocity fluctuations}},
  journal = {Powder Technol.},
  volume  = {203},
  pages   = {57},
  year    = {2010}
}

@article{kokh-2010,
  author  = {S. Kokh and F. Lagoutière},
  title   = {An anti-diffusive numerical scheme for the simulation of interfaces between compressible fluids by means of a five-equation model },
  journal = {Journal of Computational Physics },
  volume  = {229},
  number  = {8},
  pages   = {2773-2809},
  year    = {2010},
  issn    = {0021-9991},
  doi     = {http://dx.doi.org/10.1016/j.jcp.2009.12.003},
  url     = {http://www.sciencedirect.com/science/article/pii/S0021999109006731},
}

@article{balachandar-2010,
  author  = {Balachandar S},
  author  = {Eaton JK},
  title   = {Turbulent dispersed multiphase flow},
  journal = {Annu. Rev. Fluid Mech.},
  volume  = {42},
  pages   = {111},
  year    = {2010}
}

@article{balsara-2010,
	author   = {Balsara, Dinshaw S.},
	journal  = {Journal of Computational Physics},
	number   = {6},
	pages    = {1970–1993},
	title    = {{Multidimensional HLLE Riemann solver: Application to Euler and magnetohydrodynamic flows}},
	volume   = {229},
	year     = {2010},
	keywords = {Riemann solvers; Multidimensional; Conservation laws; Euler; MHD},
	URL      = {http://www.sciencedirect.com/science/article/pii/S0021999109006378},
	DOI      = {10.1016/j.jcp.2009.11.018},
	ISSN     = {0021-9991},
}

@article{ji-2010,
  title     = {A new adaptive mesh refinement data structure with an application to detonation},
  author    = {Ji, H. and Lien, F.S. and Yee, E.},
  journal   = {Journal of Computational Physics},
  volume    = {229},
  number    = {23},
  pages     = {8981--8993},
  year      = {2010},
  publisher = {Elsevier},
  DOI       = {10.1016/j.jcp.2010.08.023},
  ISSN      = {0021-9991},
  URL       = {http://www.sciencedirect.com/science/article/pii/S0021999110004705},
}

@article{bingol-2010,
  title     = {{Light detection and ranging measurements of wake dynamics part I: one-dimensional scanning}},
  author    = {Bing{\"o}l, F. and Mann, J. and Larsen, G.C.},
  journal   = {Wind Energy},
  volume    = {13},
  number    = {1},
  pages     = {51--61},
  year      = {2010},
  publisher = {Wiley Online Library},
  ISSN      = {1099-1824},
  URL       = {http://dx.DOI.org/10.1002/we.352},
  DOI       = {10.1002/we.352},
}

@article{zaghi-2010,
  title     = {{Experimental and numerical investigations on fast catamarans interference effects}\index{Zaghi, S.}\index{Broglia, R.}\index{Di Mascio, A.}},
  author    = {Zaghi, S. and Broglia, R. and Di Mascio, A.},
  journal   = {Journal of Hydrodynamics, Ser. B},
  volume    = {22},
  number    = {5},
  pages     = {545--549},
  year      = {2010},
  publisher = {Elsevier},
  ISSN      = {1001-6058}
}

@article{zhang-2010-max,
  title     = {On maximum-principle-satisfying high order schemes for scalar conservation laws},
  author    = {Zhang, X. and Shu, C.W.},
  journal   = {Journal of Computational Physics},
  year      = {2010},
  number    = {9},
  volume    = {229},
  pages     = {3091--3120},
  publisher = {Elsevier},
  URL       = {http://dx.DOI.org/10.1016/j.jcp.2009.12.030}
}

@article{zhang-2010-pos,
  title     = {{On positivity-preserving high order discontinuous Galerkin schemes for compressible Euler equations on rectangular meshes}},
  author    = {Zhang, X. and Shu, C.W.},
  journal   = {Journal of Computational Physics},
  volume    = {229},
  number    = {23},
  pages     = {8918--8934},
  year      = {2010},
  publisher = {Elsevier}
}

@article{xing-2010,
  title   = {{Factors of Safety for Richardson Extrapolation}\index{Xing, T.}\index{Stern, F.}},
  author  = {Xing, T. and Stern, F.},
  journal = {Journal of Fluids Engineering},
  volume  = {132},
	month   = {June},
	number  = {6},
  pages   = {061403--061403},
  year    = {2010},
	DOI     = {http://dx.doi.org/10.1115/1.4001771},
	ISSN    = {0098-2202},
}

@article{gobert-2010,
  author  = {Gobert C},
  title   = {Analytical assessment of models for large eddy simulation of particle laden flow},
  journal = {J. Turbul.},
  volume  = {11},
  pages   = {23},
  year    = {2010}
}

@article{jin-2010,
  author  = {Jin G},
  author  = {He G-W},
  author  = {Wang L-P},
  title   = {Large-eddy simulation of turbulent collision of heavy particles in isotropic turbulence},
  journal = {Phys. Fluids},
  volume  = {22},
  pages   = {055106},
  year    = {2010}
}

@article{kah-2010,
  author  = {Kah D},
  author  = {Laurent F},
  author  = {Freret L},
  author  = {de Chaisemartin S},
  author  = {Fox RO},
  title   = {Eulerian quadrature-based moment models for dilute polydisperse evaporating sprays},
  journal = {Flow Turbul. Combust.},
  volume  = {85},
  pages   = {649},
  year    = {2010}
}

@article{chaisemartin-2009,
  author  = {de Chaisemartin S},
  author  = {Freret L},
  author  = {Kah D},
  author  = {Laurent F},
  author  = {Fox RO},
  title   = {{Eulerian models for turbulent spray combustion with polydispersity and droplet crossing}},
  journal = {C. R. Mec.},
  volume  = {337},
  pages   = {438},
  year    = {2009}
}

@article{balsara-2009,
	title     = {{Divergence-free reconstruction of magnetic fields and WENO schemes for magnetohydrodynamics}},
	author    = {Balsara, Dinshaw S.},
	journal   = {Journal of Computational Physics},
  publisher = {Elsevier},
	year      = {2009},
	number    = {14},
	pages     = {5040--5056},
	volume    = {228},
	keywords  = {Magnetohydrodynamics; Numerical methods; Reconstruction; WENO schemes},
	URL       = {http://www.sciencedirect.com/science/article/pii/S0021999109001727},
	DOI       = {10.1016/j.jcp.2009.03.038},
	ISSN      = {0021-9991},
}

@article{zahle-2009,
  author    = {Zahle, Frederik and S{\o}rensen, Niels N. and Johansen, Jeppe},
  title     = {{Wind turbine rotor-tower interaction using an incompressible overset grid method}},
  journal   = {Wind Energy},
  volume    = {12},
  number    = {6},
  publisher = {John Wiley \& Sons, Ltd.},
  pages     = {594--619},
  year      = {2009},
  ISSN      = {1099-1824},
  URL       = {http://dx.DOI.org/10.1002/we.327},
  DOI       = {10.1002/we.327},
}

@article{stocco-2009,
  title     = {{On Spatial Orders and Location Codes}},
  author    = {Stocco, L.J. and Schrack, G.},
  journal   = {IEEE Transactions on Computers},
  year      = {2009},
  month     = {March},
  volume    = {58},
  number    = {3},
  pages     = {424--432},
  publisher = {IEEE Computer Society},
  DOI       = {10.1109/TC.2008.171},
  ISSN      = {0018-9340},
}

@article{ivanell-2009,
  title     = {{Analysis of numerically generated wake structures}},
  author    = {Ivanell, S. and S{\o}rensen, J.N. and Mikkelsen, R. and Henningson, D.},
  journal   = {Wind Energy},
  volume    = {12},
  number    = {1},
  pages     = {63--80},
  year      = {2009},
  publisher = {Wiley Online Library},
  ISSN      = {1099-1824},
  URL       = {http://dx.DOI.org/10.1002/we.285},
  DOI       = {10.1002/we.285}
}

@article{spalart-2009,
  title     = {{Detached-eddy simulation}},
  author    = {Spalart, P.R.},
  journal   = {Annual review of Fluid Mechanics},
  volume    = {41},
  pages     = {181--202},
  year      = {2009},
  DOI       = {10.1146/annurev.fluid.010908.165130},
  publisher = {Annual Reviews}
}

@article{gerolymos-2009,
  title     = {{Very-high-order WENO schemes}\index{Gerolymos, GA}\index{S{\'e}n{\'e}chal, D.}\index{Vallet, I.}},
  author    = {Gerolymos, G.A. and S{\'e}n{\'e}chal, D. and Vallet, I.},
  journal   = {Journal of Computational Physics},
  volume    = {228},
  number    = {23},
  pages     = {8481--8524},
  year      = {2009},
  publisher = {Elsevier}
}

@article{banks-2009,
  title     = {{An evaluation of the FCT method for high-speed flows on structured overlapping grids}{Banks, JW}{Henshaw, WD}{Shadid, JN}},
  author    = {Banks, JW and Henshaw, WD and Shadid, JN},
  journal   = {Journal of Computational Physics},
  volume    = {228},
  number    = {15},
  pages     = {5349--5369},
  year      = {2009},
  publisher = {Elsevier},
  DOI       = {10.1016/j.jcp.2009.04.033},
  ISSN      = {0021-9991},
  URL       = {http://www.sciencedirect.com/science/article/pii/S0021999109002071},
}

@article{dimascio-2009,
  title     = {{Prediction of hydrodynamic coefficients of ship hulls by high-order Godunov-type methods}\index{Di Mascio, A.}\index{Broglia, R.}\index{Muscari, R.}},
  author    = {Di Mascio, A. and Broglia, R. and Muscari, R.},
  journal   = {Journal of Marine Science and Technology},
  volume    = {14},
  number    = {1},
  pages     = {19--29},
  year      = {2009},
  publisher = {Springer}
}

@article{bettle-2009,
  title     = {{Unsteady analysis of the six DOF motion of a buoyantly rising submarine}},
  author    = {Bettle, M.C. and Gerber, A.G. and Watt, G.D.},
  journal   = {Computers \& Fluids},
  volume    = {38},
  number    = {9},
  pages     = {1833--1849},
  year      = {2009},
  publisher = {Elsevier}
}

@article{hu-2009,
  title     = {{Near wake of a model horizontal-axis wind turbine}},
  author    = {Hu, D.M. and Du, Z.H.},
  journal   = {Journal of Hydrodynamics},
  volume    = {21},
  number    = {2},
  pages     = {285--291},
  year      = {2009},
  publisher = {Elsevier},
  ISSN      = {1001-6058},
  URL       = {http://www.sciencedirect.com/science/article/pii/S100160580860147X},
  DOI       = {10.1016/S1001-6058(08)60147-X}
}

@article{sheng-2009,
	title     = {{On the S809 airfoil's unsteady aerodynamic characteristics}},
	author    = {Sheng, Wanan and Galbraith, Roderick A. McD. and Coton, Frank N.},
	journal   = {Wind Energy},
	number    = {8},
	pages     = {752–767},
	publisher = {John Wiley \& Sons, Ltd.},
	volume    = {12},
	year      = {2009},
	DOI       = {10.1002/we.331},
	ISSN      = {1099-1824},
	URL       = {http://dx.DOI.org/10.1002/we.331},
	keywords  = {unsteady airfoil test; dynamic stall; stall onset; re-attachment modelling},
}

@article {eaton-2009,
  author  = {Eaton JK},
  title   = {Two-way coupled turbulence simulations of gas-particle flows using point-particle tracking},
  journal = {Int. J. Multiphase Flow},
  volume  = {35},
  pages   = {792},
  year    = {2009}
}

@article{desjardins-2008,
author  = {Desjardins O},
author  = {Fox RO},
author  = {Villedieu P},
title   = {A quadrature-based moment method for dilute fluid-particle flows},
journal = {J. Comput. Phys.},
volume  = {227},
pages   = {2524},
year    = {2008}
}

@article{celik-2008,
	author  = {Celik, I.B. and Ghia, U. and Roache, P.J. and Freitas, C.J. and Coleman, H.W. and Raad, P.E.},
	title   = {{Procedure for Estimation and Reporting of Uncertainty Due to Discretization in CFD Applications}},
	journal = {Journal of Fluids Engineering},
	month   = {July},
	note    = {10.1115/1.2960953},
	number  = {7},
	pages   = {078001--078001},
	volume  = {130},
	year    = {2008},
	DOI     = {http://dx.doi.org/10.1115/1.2960953},
	ISSN    = {0098-2202},
}

@article{elkasmi-2008,
  title     = {{An extended k-$\epsilon$ model for turbulent flow through horizontal-axis wind turbines}},
  author    = {El Kasmi, A. and Masson, C.},
  journal   = {Journal of Wind Engineering and Industrial Aerodynamics},
  volume    = {96},
  number    = {1},
  pages     = {103--122},
  year      = {2008},
  publisher = {Elsevier},
  ISSN      = {0167-6105},
  URL       = {http://www.sciencedirect.com/science/article/pii/S0167610507000943},
  DOI       = {10.1016/j.jweia.2007.03.007},
}

@article{baxevanou-2008,
  title     = {{Evaluation study of a Navier–Stokes CFD aeroelastic model of wind turbine airfoils in classical flutter}},
  author    = {Baxevanou, C.A. and Chaviaropoulos, P.K. and Voutsinas, S.G. and Vlachos, N.S.},
  journal   = {Journal of Wind Engineering and Industrial Aerodynamics},
  volume    = {96},
  number    = {8--9},
  pages     = {1425--1443},
  year      = {2008},
  publisher = {Elsevier},
  ISSN      = {0167-6105},
  URL       = {http://www.sciencedirect.com/science/article/pii/S0167610508001049},
  DOI       = {10.1016/j.jweia.2008.03.009}
}

@article{borges-2008,
  title     = {An improved weighted essentially non-oscillatory scheme for hyperbolic conservation laws},
  author    = {Borges, R. and Carmona, M. and Costa, B. and Don, W.S.},
  journal   = {Journal of Computational Physics},
  volume    = {227},
  number    = {6},
  pages     = {3191--3211},
  year      = {2008},
  publisher = {Elsevier},
  DOI       = {10.1016/j.jcp.2007.11.038},
  ISSN      = {0021-9991},
  URL       = {http://www.sciencedirect.com/science/article/pii/S0021999107005232},
}

@article{capdeville-2008,
  title     = {{A central WENO scheme for solving hyperbolic conservation laws on non-uniform meshes}},
  author    = {Capdeville, G.},
  journal   = {Journal of Computational Physics},
  volume    = {227},
  number    = {5},
  pages     = {2977--3014},
  year      = {2008},
  publisher = {Elsevier}
}

@article{haans-2008,
  title     = {{HAWT near-wake aerodynamics, Part I: axial flow conditions}},
  author    = {Haans, W. and Sant, T. and van Kuik, G. and van Bussel, G.},
  journal   = {Wind Energy},
  volume    = {11},
  number    = {3},
  pages     = {245--264},
  year      = {2008},
  publisher = {Wiley Online Library}
}

@article{nishikawa-2008,
  title     = {{Very simple, carbuncle-free, boundary-layer-resolving, rotated-hybrid Riemann solvers}\index{Nishikawa, H.}\index{Kitamura, K.}},
  author    = {Nishikawa, H. and Kitamura, K.},
  journal   = {Journal of Computational Physics},
  volume    = {227},
  number    = {4},
  pages     = {2560--2581},
  year      = {2008},
  publisher = {Elsevier}
}

@article{tarafder-2008,
  title     = {{Wave-Making Resistance of a Catamaran Hull in Shallow Water Using a Potential-Based Panel Method}\index{Tarafder, S.M.}\index{Suzuki, K.}},
  author    = {Tarafder, S.M. and Suzuki, K.},
  journal   = {Journal of Ship Research},
  volume    = {52},
  number    = {1},
  pages     = {16--29},
  ISSN      = {0022-4502},
  year      = {2008},
  publisher = {Society of Naval Architects and Marine Engineers (SNAME)}
}

@article{kaufmann-2008,
  author  = {Kaufmann A},
  author  = {Moreau M},
  author  = {Simonin O},
  author  = {Helie J},
  title   = {Comparison between Lagrangian and mesoscopic Eulerian modelling approaches for inertial particles suspended in decaying isotropic turbulence},
  journal = {J. Comput. Phys.},
  volume  = {227},
  pages   = {6448},
  year    = {2008}
}

@article{labourasse-2007,
  author  = {Labourasse E},
  author  = {Lacanette D},
  author  = {Toutant A},
  author  = {Lubin P},
  author  = {Vincent S},
  title   = {Towards large eddy simulation of isothermal two-phase flows: governing equations and a priori tests},
  journal = {Int. J. Multiphase Flow},
  volume  = {33},
  pages   = {1},
  year    = {2007}
}

@article{migoya-2007,
  title     = {{Comparative study of the behavior of wind-turbines in a wind farm}},
  author    = {Migoya, E. and Crespo, A. and Garc\'ia, J. and Moreno, F. and Manuel, F. and Jim\'enez, \'A and Costa, A.},
  journal   = {Energy},
  volume    = {32},
  number    = {10},
  pages     = {1871--1885},
  year      = {2007},
  publisher = {Elsevier},
  ISSN      = {0360-5442},
  URL       = {http://www.sciencedirect.com/science/article/pii/S0360544207000588},
  DOI       = {10.1016/j.energy.2007.03.012}
}

@article{dimascio-2007,
  title     = {{On the application of the single-phase level set method to naval hydrodynamic flows}\index{Di Mascio, A.}\index{Broglia, R.}\index{Muscari, R.}},
  author    = {Di Mascio, A. and Broglia, R. and Muscari, R.},
  journal   = {Computers \& Fluids},
  volume    = {36},
  number    = {5},
  pages     = {868--886},
  year      = {2007},
  publisher = {Elsevier}
}

@article{lorton-2007,
 title     = {{Analyzing Block Locality in Morton-Order and Morton-Hybrid Matrices}},
 author    = {Lorton, K.P. and Wise, D.S.},
 journal   = {SIGARCH Computer Architecture News},
 publisher = {ACM},
 address   = {Seattle, Washington, USA},
 volume    = {35},
 number    = {4},
 month     = {September 16},
 year      = {2007},
 pages     = {6--12},
 DOI       = {10.1145/1327312.1327315},
 acmid     = {1327315},
 URL       = {http://DOI.acm.org/10.1145/1327312.1327315},
 ISSN      = {0163-5964},
}

@article{muscari-2007,
  title     = {{Numerical Simulation of the Flow around an Array of Free-Surface Piercing Cylinders in Waves}},
  author    = {Muscari, R. and Broglia, R. and Di Mascio, A.},
  journal   = {Ship Technology Research},
  volume    = {54},
  number    = {1},
  pages     = {43},
  year      = {2007},
  publisher = {Schiffahrts-Verlag "Hansa" C. Schroeder \& Co.(GmbH \& Co KG), Striepenweg 31, Postfach 92 06 55, Hamburg, 21136, Germany,}
}

@article{souto-2007,
  title     = {{Analysis of the wave system of a catamaran for CFD validation}\index{Souto-Iglesias, A.}\index{Zamora-Rodr{\'\i}guez, R.}\index{Fern{\'a}ndez-Guti{\'e}rrez, D.}\index{Perez-Rojas, L.}},
  author    = {Souto-Iglesias, A. and Zamora-Rodr{\'\i}guez, R. and Fern{\'a}ndez-Guti{\'e}rrez, D. and Perez-Rojas, L.},
  journal   = {Experiments in Fluids},
  volume    = {42},
  number    = {2},
  pages     = {321--332},
  year      = {2007},
  publisher = {Springer}
}

@article{radulescu-2007,
  author    = {Radulescu, M.I and Law, C.K.},
  title     = {{The Transient Start of Supersonic Jets}\index{Radulescu, M.I.}\index{Law, C.K.}},
  journal   = {Journal of Fluid Mechanics},
  volume    = {578},
  pages     = {331--369},
  year      = {2007},
  publisher = {Cambridge Univ Press}
}

@article{gupta-2006,
	title     = {{Dynamic stall modelling of the S809 aerofoil and comparison with experiments}},
	author    = {Gupta, Sandeep and Leishman, J. Gordon},
	journal   = {Wind Energy},
	number    = {6},
	pages     = {521–547},
	publisher = {John Wiley \& Sons, Ltd.},
	volume    = {9},
	year      = {2006},
	DOI       = {10.1002/we.200},
	ISSN      = {1099-1824},
	URL       = {http://dx.DOI.org/10.1002/we.200},
	keywords  = {dynamic stall; Leishman–Beddoes model; free vortex wake method; S809 aerofoil},
}

@article{katz-2006,
  author    = {Katz, J.},
  title     = {{AERODYNAMICS OF RACE CARS}},
  journal   = {Annual Review of Fluid Mechanics},
  volume    = {38},
  number    = {1},
  pages     = {27-63},
  year      = {2006},
  publisher = {Annual Reviews},
  URL       = {http://www.annualreviews.org/DOI/abs/10.1146/annurev.fluid.38.050304.092016},
  DOI       = {10.1146/annurev.fluid.38.050304.092016},
}

@article{medici-2006,
  title     = {{Measurements on a wind turbine wake: 3D effects and bluff body vortex shedding}},
  author    = {Medici, D. and Alfredsson, P.H.},
  journal   = {Wind Energy},
  volume    = {9},
  number    = {3},
  pages     = {219--236},
  year      = {2006},
  publisher = {Wiley Online Library}
}

@article{hansen-2006,
  title     = {{State of the art in wind turbine aerodynamics and aeroelasticity}},
  author    = {Hansen, M.O.L. and S{\o}rensen, J.N. and Voutsinas, S. and S{\o}rensen, N. and Madsen, H.A.},
  journal   = {Progress in Aerospace Sciences},
  volume    = {42},
  number    = {4},
  pages     = {285--330},
  year      = {2006},
  publisher = {Elsevier},
  ISSN      = {0376-0421},
  URL       = {http://www.sciencedirect.com/science/article/pii/S0376042106000649},
  DOI       = {10.1016/j.paerosci.2006.10.002},
}

@article{kleine-2006,
  title     = {{Simultaneous shadow, schlieren and interferometric visualization of compressible flows}},
  author    = {Kleine, H. and Gr{\"o}nig, H. and Takayama, K.},
  journal   = {Optics and lasers in engineering},
  volume    = {44},
  number    = {3},
  pages     = {170--189},
  year      = {2006},
  publisher = {Elsevier}
}

@article{stern-2006,
  title   = {{Computational hydrodynamic tools for high-speed sealift}\index{Stern, F.}\index{Carrica, P.}\index{Kandasamy, M.}\index{Gorski, J.}\index{O'Dea, J.}\index{Hughes, M.}\index{Miller, R.}\index{Hendrix, D.}\index{Kring, D.}\index{Milewski, W.}\index{Hoffman, R.}\index{Cary, C.}},
  author  = {Stern, F. and Carrica, P. and Kandasamy, M. and Gorski, J. and O'Dea, J. and Hughes, M. and Miller, R. and Hendrix, D. and Kring, D. and Milewski, W. and others},
  journal = {SNAME Transactions},
  volume  = {114},
  pages   = {55--81},
  year    = {2006}
}

@article{cheng-2005,
	title     = {{Heritage and early history of the boundary element method}},
	author    = {Cheng, A.-H.D. and Cheng, D.T.},
	journal   = {Engineering Analysis with Boundary Elements},
	number    = {3},
	pages     = {268--302},
	volume    = {29},
	year      = {2005},
  publisher = {Elsevier},
	URL       = {http://www.sciencedirect.com/science/article/pii/S0955799705000020},
	DOI       = {10.1016/j.enganabound.2004.12.001},
	ISSN      = {0955-7997},
}

@article{dreher-2005,
	title    = {{Racoon: A parallel mesh-adaptive framework for hyperbolic conservation laws}},
	author   = {Dreher, Jürgen and Grauer, Rainer},
	journal  = {Parallel Computing},
	number   = {8–9},
	pages    = {913–932},
	volume   = {31},
	year     = {2005},
	keywords = {{AMR}; Mesh refinement; Hybrid parallelization; Multi-thread; {MPI}; Load balancing},
	DOI      = {10.1016/j.parco.2005.04.011},
	ISSN     = {0167-8191},
	URL      = {http://www.sciencedirect.com/science/article/pii/S0167819105000797},
}

@article{erturk-2005,
  author    = {Erturk, E. and Corke, T. C. and G\"ok\c{c}\"ol, C.},
  title     = {{Numerical solutions of 2-D steady incompressible driven cavity flow at high Reynolds numbers}},
  journal   = {International Journal for Numerical Methods in Fluids},
  volume    = {48},
  number    = {7},
  publisher = {John Wiley $\&$ Sons, Ltd.},
  pages     = {747--774},
  year      = {2005},
  issn      = {1097-0363},
  url       = {http://dx.doi.org/10.1002/fld.953},
  doi       = {10.1002/fld.953},
}

@article{chauvat-2005,
  title   = {{Shock wave numerical structure and the carbuncle phenomenon}\index{Chauvat, Y.}\index{Moschetta, J.M.}\index{Gressier, J.}},
  author  = {Chauvat, Y. and Moschetta, J.M. and Gressier, J.},
  journal = {International Journal for Numerical Methods in Fluids},
  volume  = {47},
  number  = {8},
  pages   = {903--909},
  year    = {2005}
}

@article{azarenok-2005,
  title     = {{Second-order Godunov-type Scheme for Reactive Flow Calculations on Moving Meshes}\index{Azarenok, B.N.}\index{Tang, T.}},
  author    = {Azarenok, B.N. and Tang, T.},
  journal   = {Journal of Computational Physics},
  volume    = {206},
  number    = {1},
  pages     = {48--80},
  year      = {2005},
  publisher = {Elsevier}
}

@article{gomez-2005,
  title     = {{Anisotropy of turbulence in wind turbine wakes}},
  author    = {G{\'o}mez-Elvira, R. and Crespo, A. and Migoya, E. and Manuel, F. and Hern{\'a}ndez, J.},
  journal   = {Journal of Wind Engineering and Industrial Aerodynamics},
  volume    = {93},
  number    = {10},
  pages     = {797--814},
  year      = {2005},
  publisher = {Elsevier},
  ISSN      = {0167-6105},
  URL       = {http://www.sciencedirect.com/science/article/pii/S016761050500084X},
  DOI       = {10.1016/j.jweia.2005.08.001}
}

@article{henrick-2005,
  title     = {{Mapped weighted essentially non-oscillatory schemes: Achieving optimal order near critical points}},
  author    = {Henrick, A.K. and Aslam, T.D. and Powers, J.M.},
  journal   = {Journal of Computational Physics},
  volume    = {207},
  number    = {2},
  pages     = {542--567},
  year      = {2005},
  publisher = {Elsevier},
  DOI       = {10.1016/j.jcp.2005.01.023},
  ISSN      = {0021-9991},
  URL       = {http://www.sciencedirect.com/science/article/pii/S0021999105000409},
}

@article{craik-2005,
  author  = {Craik, A.D.D.},
  title   = {{George Gabriel Stokes on Water Wave Theory}},
  journal = {Annual Review of Fluid Mechanics},
  volume  = {37},
  number  = {1},
  pages   = {23--42},
  year    = {2005},
  DOI     = {10.1146/annurev.fluid.37.061903.175836},
  URL     = {http://www.annualreviews.org/DOI/abs/10.1146/annurev.fluid.37.061903.175836},
}

@article{craik-2004,
  author  = {Craik, A.D.D.},
  title   = {{The Origins of Water Wave Theory}},
  journal = {Annual Review of Fluid Mechanics},
  volume  = {36},
  number  = {1},
  pages   = {1--28},
  year    = {2004},
  DOI     = {10.1146/annurev.fluid.36.050802.122118},
  URL     = {http://www.annualreviews.org/DOI/abs/10.1146/annurev.fluid.36.050802.122118},
}

@article{dumbser-2004,
  title     = {{A matrix stability analysis of the carbuncle phenomenon}\index{Dumbser, M.}\index{Moschetta, J.M.}\index{Gressier, J.}},
  author    = {Dumbser, M. and Moschetta, J.M. and Gressier, J.},
  journal   = {Journal of Computational Physics},
  volume    = {197},
  number    = {2},
  pages     = {647--670},
  year      = {2004},
  publisher = {Elsevier}
}

@article{hansen-2004,
  title     = {{Tip studies using CFD and comparison with tip loss models}},
  author    = {Hansen, M.O.L. and Johansen, J.},
  journal   = {Wind Energy},
  volume    = {7},
  number    = {4},
  pages     = {343--356},
  year      = {2004},
  publisher = {Wiley Online Library},
  ISSN      = {1099-1824},
  URL       = {http://dx.DOI.org/10.1002/we.126},
  DOI       = {10.1002/we.126}
}

@article{moraes-2004,
  title     = {{Wave Resistance for High-Speed Catamarans}\index{Moraes, H.B}\index{Vasconcellos, J.M.}\index{Latorre, R.G.}},
  author    = {Moraes, H.B. and Vasconcellos, J.M. and Latorre, R.G.},
  journal   = {Ocean Engineering},
  volume    = {31},
  number    = {17-18},
  pages     = {2253--2282},
  ISSN      = {0029-8018},
  year      = {2004},
  publisher = {Elsevier}
}

@article{molland-2004,
  title   = {{Resistance and wash measurements on a series of high speed displacement monohull and catamaran forms in shallow water}\index{Molland, AF}\index{Wilson, PA}\index{Taunton, DJ}\index{Chandraprabha, S.}\index{Ghani, PA}},
  author  = {Molland, AF and Wilson, PA and Taunton, DJ and Chandraprabha, S. and Ghani, PA},
  journal = {International Journal of Maritime Engineering},
  volume  = {146},
  number  = {2},
  pages   = {19--38},
  year    = {2004}
}

@article{wright-2004,
  title     = {{The starting and low wind speed behaviour of a small horizontal axis wind turbine}},
  author    = {Wright, A.K. and Wood, D.H.},
  journal   = {Journal of Wind Engineering and Industrial Aerodynamics},
  volume    = {92},
  number    = {14},
  pages     = {1265--1279},
  year      = {2004},
  publisher = {Elsevier}
}

@article{sethian-2003,
  author  = {Sethian, J. A. and Smereka, Peter},
  title   = {{LEVEL SET METHODS FOR FLUID INTERFACES}},
  journal = {Annual Review of Fluid Mechanics},
  volume  = {35},
  number  = {1},
  pages   = {341--372},
  year    = {2003},
  DOI     = {10.1146/annurev.fluid.35.101101.161105},
  URL     = {http://www.annualreviews.org/DOI/abs/10.1146/annurev.fluid.35.101101.161105},
}

@article{duque-2003,
  title     = {{Navier-Stokes and comprehensive analysis performance predictions of the NREL phase VI experiment}},
  author    = {Duque, E.P.N. and Burklund, M.D. and Johnson, W.},
  journal   = {Journal of Solar Energy Engineering},
  volume    = {125},
  number    = {4},
  pages     = {457--467},
  year      = {2003},
  publisher = {American Society of Mechanical Engineers}
}

@article{spiteri-2003,
  title     = {{A new class of optimal high-order strong-stability-preserving time discretization methods}\index{Spiteri, R.J.}\index{Ruuth, S.J.}},
  author    = {Spiteri, R.J. and Ruuth, S.J.},
  journal   = {SIAM Journal on Numerical Analysis},
  pages     = {469--491},
  year      = {2003},
  publisher = {Society for Industrial and Applied Mathematics}
}

@article{ren-2003,
  title   = {{A robust shock-capturing scheme based on rotated Riemann solvers}\index{Ren, Y.X.}},
  author  = {Ren, Y.X.},
  journal = {Computers \& Fluids},
  volume  = {32},
  number  = {10},
  pages   = {1379--1403},
  ISSN    = {0045-7930},
  year    = {2003}
}

@article{venter-2003,
  title     = {{Particle swarm optimization}\index{Venter, G.}\index{Sobieszczanski-Sobieski, J.}},
  author    = {Venter, G. and Sobieszczanski-Sobieski, J.},
  journal   = {AIAA journal},
  volume    = {41},
  number    = {8},
  pages     = {1583--1589},
  year      = {2003},
  publisher = {American Institute of Aeronautics and Astronautics}
}

@article{vermeer-2003,
  title     = {{Wind turbine wake aerodynamics}},
  author    = {Vermeer, L.J. and S{\o}rensen, J.N. and Crespo, A.},
  journal   = {Progress in Aerospace Sciences},
  volume    = {39},
  number    = {6--7},
  pages     = {467--510},
  year      = {2003},
  publisher = {Elsevier},
  DOI       = {10.1016/S0376-0421(03)00078-2}
}

@article{popinet-2003,
	author   = {Popinet, Stéphane},
	journal  = {Journal of Computational Physics},
	number   = {2},
	pages    = {572–600},
	title    = {{Gerris: a tree-based adaptive solver for the incompressible Euler equations in complex geometries}},
	volume   = {190},
	year     = {2003},
	keywords = {Incompressible flow; Adaptive mesh refinement; Approximate projection method; Complex geometry},
	DOI      = {10.1016/S0021-9991(03)00298-5},
	ISSN     = {0021-9991},
	URL      = {http://www.sciencedirect.com/science/article/pii/S0021999103002985},
}

@article{roache-2003,
	title   = {{Conservatism of the Grid Convergence Index in Finite Volume Computations on Steady-State Fluid Flow and Heat Transfer}},
	author  = {Roache, P.J.},
	journal = {Journal of Fluids Engineering},
	month   = {August},
	note    = {10.1115/1.1588692},
	number  = {4},
	pages   = {731--732},
	volume  = {125},
	year    = {2003},
	DOI     = {http://dx.doi.org/10.1115/1.1588692},
	ISSN    = {0098-2202},
}

@article{allaire-2002,
  author  = {{Allaire}, G. and {Clerc}, S. and {Kokh}, S.},
  title   = {{A Five-Equation Model for the Simulation of Interfaces between Compressible Fluids}},
  journal = {Journal of Computational Physics},
  year    = {2002},
  month   = {September},
  volume  = {181},
  pages   = {577-616},
  doi     = {10.1006/jcph.2002.7143},
  url     = {http://adsabs.harvard.edu/abs/2002JCoPh.181..577A},
}

@article{kurganov-2002,
  title   = {{Solution of Two-dimensional Riemann Problems for Gas Dynamics without Riemann Problem Solvers}\index{Kurganov, A.}\index{Tadmor, E.}},
  author  = {Kurganov, A. and Tadmor, E.},
  journal = {Numerical Methods for Partial Differential Equations},
  volume  = {18},
  number  = {5},
  pages   = {584--608},
  year    = {2002},
  month   = {23th Jaunary}
}

@article{dimascio-2002,
  title     = {{Truncation error analysis in turbulent boundary layers}\index{Di Mascio, A.}\index{Paciorri, R.}\index{Favini, B.}},
  author    = {Di Mascio, A. and Paciorri, R. and Favini, B.},
  journal   = {Journal of fluids engineering},
  volume    = {124},
  number    = {3},
  pages     = {657--663},
  year      = {2002},
  publisher = {American Society of Mechanical Engineers}
}

@article{sorensen-2002,
  author    = {S{\o}rensen, N. N. and Michelsen, J. A. and Schreck, S.},
  title     = {{Navier–Stokes predictions of the NREL phase VI rotor in the NASA Ames 80ft $\times$ 120ft wind tunnel}},
  journal   = {Wind Energy},
  volume    = {5},
  number    = {2-3},
  publisher = {John Wiley \& Sons, Ltd.},
  pages     = {151--169},
  year      = {2002},
  ISSN      = {1099-1824},
  URL       = {http://dx.DOI.org/10.1002/we.64},
  DOI       = {10.1002/we.64},
}

@article{johansen-2002,
  title     = {{Detached-eddy simulation of flow around the NREL Phase VI blade}},
  author    = {Johansen, J. and S{\o}rensen, N.N. and Michelsen, J.A. and Schreck, S.},
  journal   = {Wind Energy},
  volume    = {5},
  number    = {2--3},
  pages     = {185--197},
  year      = {2002},
  publisher = {Wiley Online Library},
  ISSN      = {1099-1824},
  URL       = {http://dx.DOI.org/10.1002/we.63},
  DOI       = {10.1002/we.63},
}

@article{ferry-2001,
  author  = {Ferry J},
  author  = {Balachandar S},
  title   = {A fast Eulerian method for two-phase flow},
  journal = {Int. J. Multiphase Flow},
  volume  = {27},
  pages   = {1199},
  year    = {2001}
}

@article{gottlieb-2001,
  title     = {{Strong stability-preserving high-order time discretization methods}},
  author    = {Gottlieb, S. and Shu, C.W. and Tadmor, E.},
  journal   = {SIAM review},
  pages     = {89--112},
  volume    = {43},
  year      = {2001},
  publisher = {JSTOR}
}

@article{abgrall-2001,
  author    = {Abgrall, R. and Karni, S.},
  title     = {{Computations of Compressible Multifluids}\index{Abgrall, R.}\index{Karni, S.}},
  journal   = {Journal Computational Physics},
  volume    = {169},
  number    = {2},
  year      = {2001},
  ISSN      = {0021-9991},
  pages     = {594--623},
  publisher = {Academic Press Professional, Inc.},
  address   = {San Diego, CA, USA}
}

@article{chernousov-2001,
  author = {Chernousov, A.A.},
  title  = {{A Characteristic-Based Approximate Reimann Solver}\index{Chernousov, A.A.}},
  year   = {2001},
  month  = {23 September}
}

@article{pandolfi-2001,
  title     = {{Numerical instabilities in upwind methods: analysis and cures for the ``carbuncle'' phenomenon}\index{Pandolfi, M.}\index{D'ambrosio, D.}},
  author    = {Pandolfi, M. and D'ambrosio, D.},
  journal   = {Journal of Computational Physics},
  volume    = {166},
  number    = {2},
  pages     = {271--301},
  year      = {2001},
  publisher = {Academic Press}
}

@article{stern-2001-part1,
  title     = {{Comprehensive approach to verification and validation of CFD simulations. 1: Methodology and procedures}\index{Stern, F.}\index{Wilson, R.V.}\index{Coleman, H.W.}\index{Paterson, E.G.}},
  author    = {Stern, F. and Wilson, R.V. and Coleman, H.W. and Paterson, E.G.},
  journal   = {Journal of Fluids Engineering},
  volume    = {123},
  number    = {4},
  pages     = {793--802},
  ISSN      = {0098-2202},
  year      = {2001},
  publisher = {American Society of Mechanical Engineers}
}

@article{wilson-2001-part2,
  title     = {{Comprehensive approach to verification and validation of CFD simulations. 2: Application for RANS simulation of a cargo/container ship}\index{Wilson, R.V.}\index{Stern, F.}\index{Coleman, H.W.}\index{Paterson, E.G.}},
  author    = {Wilson, R.V. and Stern, F. and Coleman, H.W. and Paterson, E.G.},
  journal   = {Journal of Fluids Engineering},
  volume    = {123},
  number    = {4},
  pages     = {803--810},
  ISSN      = {0098-2202},
  year      = {2001},
  publisher = {American Society of Mechanical Engineers}
}

@article{travin-2000,
  title     = {{Detached-eddy simulations past a circular cylinder}},
  author    = {Travin, A. and Shur, M. and Strelets, M. and Spalart, P.R.},
  journal   = {Flow, Turbulence and Combustion},
  volume    = {63},
  number    = {1},
  pages     = {293--313},
  year      = {2000},
  publisher = {Springer}
}

@article{balsara-2000,
  title     = {{Monotonicity preserving weighted essentially non-oscillatory schemes with increasingly high order of accuracy}},
  author    = {Balsara, D.S. and Shu, C.W.},
  journal   = {Journal of Computational Physics},
  volume    = {160},
  number    = {2},
  pages     = {405--452},
  year      = {2000},
  publisher = {Elsevier}
}

@article{prewitt-2000,
  title     = {{Parallel computing of overset grids for aerodynamic problems with moving objects}},
  author    = {Prewitt, N.C. and Belk, D.M. and Shyy, W.},
  journal   = {Progress in Aerospace Sciences},
  volume    = {36},
  number    = {2},
  pages     = {117--172},
  year      = {2000},
  publisher = {Elsevier},
  DOI       = {10.1016/S0376-0421(99)00013-5},
  ISSN      = {0376-0421},
  URL       = {http://www.sciencedirect.com/science/article/pii/S0376042199000135},
}

@article{whale-2000,
  title     = {{An experimental and numerical study of the vortex structure in the wake of a wind turbine}},
  author    = {J Whale and C.G Anderson and R Bareiss and S Wagner},
  journal   = {Journal of Wind Engineering and Industrial Aerodynamics},
  volume    = {84},
  number    = {1},
  pages     = {1--21},
  year      = {2000},
  publisher = {Elsevier},
  ISSN      = {0167-6105},
  URL       = {http://www.sciencedirect.com/science/article/pii/S0167610598002013},
  DOI       = {10.1016/S0167-6105(98)00201-3}
}

@article{li-1999,
  title     = {{Analysis of double-Mach-reflection wave configurations with convexly curved Mach stems}},
  author    = {Li, H. and Ben-Dor, G.},
  journal   = {Shock Waves},
  volume    = {9},
  number    = {5},
  pages     = {319--326},
  year      = {1999},
  publisher = {Springer}
}

@article{griebel-1999,
  title     = {{Parallel multigrid in an adaptive PDE solver based on hashing and space-filling curves}},
  author    = {Griebel, M. and Zumbusch, G.},
  journal   = {Parallel Computing},
  volume    = {25},
  number    = {7},
  pages     = {827--843},
  year      = {1999},
  publisher = {Elsevier},
  DOI       = {10.1016/S0167-8191(99)00020-4},
  ISSN      = {0167-8191},
  URL       = {http://www.sciencedirect.com/science/article/pii/S0167819199000204},
}

@article{jiang-1999,
  title     = {An investigation into the validation of numerical solutions of complex flowfields},
  author    = {Jiang, Z. and Takayama, K.},
  journal   = {Journal of Computational Physics},
  volume    = {151},
  number    = {2},
  pages     = {479--497},
  year      = {1999},
  publisher = {Elsevier}
}

@article{balsara-1998,
	title     = {{Linearized formulation of the Riemann problem for adiabatic and isothermal magnetohydrodynamics}},
	author    = {Balsara, Dinshaw S.},
	journal   = {Astrophysical Journal, Supplement Series},
	number    = {1},
	pages     = {119--131},
	volume    = {116},
	year      = {1998},
  publisher = {Institute of Physics Publishing},
	URL       = {http://www.scopus.com/inward/record.URL?eid=2-s2.0-0032339882&partnerID=40&md5=62de956a644e7b68fa0b5b16b101a3c4},
  DOI       = {10.1086/313092},
}

@article{ekaterinaris-1998-a,
author  = {John A. Ekaterinaris and Max F. Platzer},
title   = {Computational prediction of airfoil dynamic stall },
journal = {Progress in Aerospace Sciences },
volume  = {33},
number  = {11–12},
pages   = {759 - 846},
year    = {1998},
ISSN    = {0376-0421},
URL     = {http://www.sciencedirect.com/science/article/pii/S0376042197000122},
DOI     = {10.1016/S0376-0421(97)00012-2},
}

@article{khokhlov-1998,
  title     = {Fully Threaded Tree Algorithms for Adaptive Refinement Fluid Dynamics Simulations},
  author    = {A.M Khokhlov},
  journal   = {Journal of Computational Physics},
  volume    = {143},
  number    = {2},
  pages     = {519--543},
  year      = {1998},
  publisher = {Elsevier},
  DOI       = {10.1006/jcph.1998.9998},
  ISSN      = {0021-9991},
  URL       = {http://www.sciencedirect.com/science/article/pii/S0021999198999983},
}

@article{shi-1998,
  title     = {{Parameter selection in particle swarm optimization}\index{Shi, Y.}\index{Eberhart, R.C.}},
  author    = {Shi, Y. and {Eberhart, R.C.}},
  journal   = {Lecture notes in computer science},
  pages     = {591--600},
  year      = {1998},
  publisher = {Springer}
}

@article{weller-1998,
  title     = {{A tensorial approach to computational continuum mechanics using object-oriented techniques}},
  author    = {Weller, H.G. and Tabor, G. and Jasak, H. and Fureby, C.},
  journal   = {Computers in Physics},
  volume    = {12},
  number    = {6},
  pages     = {620--631},
  year      = {1998},
  publisher = {American Institute of Physics Inc.},
  ISSN      = {0894-1866}
}

@article{ekaterinaris-1998-b,
  title     = {Numerical investigation of airfoil dynamic stall in simultaneous harmonic oscillatory and translatory motion},
  author    = {Ekaterinaris, J.A. and S{\o}rensen, Niels N. and Rasmussen, F.},
  journal   = {Journal Solar Energy Engineering},
  volume    = {120},
  pages     = {75--83},
  year      = {1998},
  publisher = {American Society of Mechanical Engineers},
}

@article{berger-1998,
	title   = {{Adaptive Mesh Refinement Using Wave-Propagation Algorithms for Hyperbolic Systems}},
	author  = {Berger, M. and LeVeque, R.},
	journal = {SIAM Journal on Numerical Analysis},
	number  = {6},
	pages   = {2298–2316},
	volume  = {35},
	year    = {1998},
	DOI     = {10.1137/S0036142997315974},
	URL     = {http://epubs.siam.org/DOI/abs/10.1137/S0036142997315974},
	eprint  = {http://epubs.siam.org/DOI/pdf/10.1137/S0036142997315974},
}

@article{leveque-1997,
	title   = {{Wave Propagation Algorithms for Multidimensional Hyperbolic Systems}},
	author  = {LeVeque, Randall J.},
	journal = {Journal of Computational Physics},
	number  = {2},
	pages   = {327–353},
	volume  = {131},
	year    = {1997},
	DOI     = {10.1006/jcph.1996.5603},
	ISSN    = {0021-9991},
	URL     = {http://www.sciencedirect.com/science/article/pii/S002199919695603X},
}

@article{batten-1997,
  title   = {{On the Choice of Wavespeeds for the HLLC Riemann Solver}},
  author  = {Batten, P. and Clarke, N. and Lambert, C. and Causon, D.},
  journal = {SIAM Journal on Scientific Computing},
  volume  = {18},
  number  = {6},
  pages   = {1553--1570},
  year    = {1997},
  DOI     = {10.1137/S1064827593260140},
  URL     = {http://epubs.siam.org/DOI/abs/10.1137/S1064827593260140},
}

@article{mavriplis-1997,
  title     = {{Unstructured Grid Techniques}},
  author    = {Mavriplis, D.J.},
  journal   = {Annual Review of Fluid Mechanics},
  volume    = {29},
  pages     = {473--514},
  year      = {1997}
}

@article{roache-1997,
  title    = {{Quantification of Uncertainty in Computational Fluid Dynamics}\index{Roache, P. J.}},
  author   = {Roache, P. J.},
  journal  = {Annual Review of Fluid Mechanics},
  volume   = {29},
  number   = {1},
  pages    = {123--160},
  year     = {1997},
  publisher= {Annual Reviews}
}

@article{roe-1997,
  title     = {{Approximate Riemann Solvers, Parameter Vectors, and Difference Schemes}\index{Roe, P.L.}},
  author    = {Roe, P.L.},
  journal   = {Journal of Computational Physics},
  volume    = {135},
  number    = {2},
  pages     = {250--258},
  year      = {1997},
  publisher = {Academic Press}
}

@article{abgrall-1996,
  author  = {Rémi Abgrall},
  title   = {How to Prevent Pressure Oscillations in Multicomponent Flow Calculations: A Quasi Conservative Approach},
  journal = {Journal of Computational Physics},
  volume  = {125},
  number  = {1},
  pages   = {150-160},
  year    = {1996},
  issn    = {0021-9991},
  doi     = {http://dx.doi.org/10.1006/jcph.1996.0085},
  url     = {http://www.sciencedirect.com/science/article/pii/S0021999196900856},
}

@article{crespo-1996,
  title     = {{Turbulence characteristics in wind-turbine wakes}},
  author    = {Crespo, A. and Hernandez, J.},
  journal   = {Journal of Wind Engineering and Industrial Aerodynamics},
  volume    = {61},
  number    = {1},
  pages     = {71--85},
  year      = {1996},
  publisher = {Elsevier},
  ISSN      = {0167-6105},
  URL       = {http://www.sciencedirect.com/science/article/pii/016761059500033X},
  DOI       = {10.1016/0167-6105(95)00033-X}
}

@article{jiang-1996,
  title     = {{Efficient Implementation of Weighted ENO Schemes}},
  author    = {Jiang, G.S. and Shu, C.W.},
  journal   = {Journal of Computational Physics},
  volume    = {126},
  number    = {1},
  pages     = {202--228},
  year      = {1996},
  publisher = {Academic Press},
  DOI       = {10.1006/jcph.1996.0130},
  ISSN      = {0021-9991},
  URL       = {http://www.sciencedirect.com/science/article/pii/S0021999196901308},
}

@article{favini-1996,
  title     = {{Multigrid acceleration of second-order ENO schemes from low subsonic to high supersonic flows}\index{Favini, B.}\index{Broglia, R.}\index{Di Mascio, A.}},
  author    = {Favini, B. and Broglia, R. and Di Mascio, A.},
  journal   = {International Journal for Numerical Methods in Fluids},
  volume    = {23},
  number    = {6},
  pages     = {589--606},
  year      = {1996},
  publisher = {Chichester; New York: Wiley, c1981-}
}

@article{donat-1996,
  author  = {Donat, R. and Marquina, A.},
  title   = {{Capturing Shock Reflections: An Improved Flux Formula}\index{Donat, R.}\index{Marquina, A.}},
  journal = {Journal of Computational Physics},
  volume  = {125},
  pages   = {42--58},
  year    = {1996},
  month   = {22 August}
}

@article{molland-1996,
  title   = {{Resistance experiments on a systematic series of high speed catamaran forms: Variation of length-displacement ratio and breadth-draught ratio}\index{Molland, AF}\index{Wellicome, JF}\index{Couser, PR}},
  author  = {Molland, AF and Wellicome, JF and Couser, PR},
  journal = {Transactions of the Royal Institution of Naval Architects},
  volume  = {138},
  pages   = {59--71},
  year    = {1996}
}

@article{quirk-1996,
  author  = {Quirk,James J. and Karni,S.},
  title   = {On the dynamics of a shock-bubble interaction},
  journal = {Journal of Fluid Mechanics},
  volume  = {318},
  month   = {7},
  year    = {1996},
  pages   = {129--163},
  issn    = {1469-7645},
  doi     = {10.1017/S0022112096007069},
  URL     = {http://journals.cambridge.org/article_S0022112096007069},
}

@article{jeong-1995,
  title     = {{On the identification of a vortex}},
  author    = {Jeong, J. and Hussain, F.},
  journal   = {Journal of Fluid Mechanics},
  volume    = {285},
  number    = {1},
  pages     = {69--94},
  year      = {1995},
  publisher = {Cambridge University Press}
}

@article{johnston-1995,
  title   = {{Solid Rocket Motor Internal Flow During Ignition}\index{Johnston, W.A.}},
  author  = {Johnston, W.A.},
  journal = {Journal of Propulsion and Power},
  volume  = {11},
  number  = {3},
  pages   = {489--496},
  year    = {1995}
}

@article{toro-1995,
  title     = {Direct Riemann solvers for the time-dependent Euler equations},
  author    = {Toro, E.F.},
  journal   = {Shock Waves},
  volume    = {5},
  number    = {1},
  pages     = {75--80},
  year      = {1995},
  publisher = {Springer}
}

@article{wang-1995,
  title     = {{A Fully Conservative Interface Algorithm for Overlapped Grids}},
  author    = {Wang, Z.J.},
  journal   = {Journal of Computational Physics},
  volume    = {122},
  number    = {1},
  pages     = {96--106},
  year      = {1995},
  publisher = {Elsevier},
  DOI       = {10.1006/jcph.1995.1199},
  ISSN      = {0021-9991},
  URL       = {http://www.sciencedirect.com/science/article/pii/S0021999185711990},
}

@article{stortkuhl-1994c,
  title     = {{An asymptotic solution for the singularity at the angular point of the lid driven cavity}},
  author    = {St{\"o}rtkuhl, Thomas and Zenger, Christoph and Zimmer, Stefan},
  journal   = {International Journal of Numerical Methods for Heat $\&$ Fluid Flow},
  volume    = {4},
  number    = {1},
  pages     = {47--59},
  year      = {1994},
  publisher = {MCB UP Ltd},
  url       = {http://dx.doi.org/10.1108/EUM0000000004030},
}

@article{henshaw-1994,
  title     = {{A Fourth-Order Accurate Method for the Incompressible Navier-Stokes Equations on Overlapping Grids}},
  author    = {Henshaw, W.D.},
  journal   = {Journal of Computational Physics},
  volume    = {113},
  number    = {1},
  pages     = {13--25},
  year      = {1994},
  publisher = {Elsevier},
  DOI       = {10.1006/jcph.1994.1114},
  ISSN      = {0021-9991},
  URL       = {http://www.sciencedirect.com/science/article/pii/S0021999184711144},
}

@article{kao-1994,
  title     = {{Grid adaptation using chimera composite overlapping meshes}},
  author    = {Kao, K.A.I.H. and Liou, M.S. and Chow, C.Y.E.N.},
  journal   = {AIAA journal},
  volume    = {32},
  number    = {5},
  pages     = {942--949},
  year      = {1994},
  publisher = {American Institute of Aeronautics and Astronautics}
}

@article{liu-1994,
  title     = {{Weighted Essentially Non-oscillatory Schemes}\index{Liu, X.D.}\index{Osher, S.}\index{Chan, T.}},
  author    = {Liu, X.D. and Osher, S. and Chan, T.},
  journal   = {Journal of Computational Physics},
  volume    = {115},
  number    = {1},
  pages     = {200--212},
  year      = {1994},
  publisher = {Elsevier},
  DOI       = {10.1006/jcph.1994.1187},
  ISSN      = {0021-9991},
  URL       = {http://www.sciencedirect.com/science/article/pii/S0021999184711879},
}

@article{quirk-1994,
  title     = {{A contribution to the great Riemann solver debate}\index{Quirk, J.J.}},
  author    = {Quirk, J.J.},
  journal   = {International Journal for Numerical Methods in Fluids},
  volume    = {18},
  number    = {6},
  pages     = {555--574},
  year      = {1994},
  publisher = {Wiley Online Library}
}

@article{roache-1994,
  title   = {Perspective: A method for uniform reporting of grid refinement studies},
  journal = {Journal of Fluids Engineering},
  author  = {Roache, P.J.},
  year    = {1994},
  month   = {September},
	number  = {3},
	pages   = {405–413},
	volume  = {116},
  URL     = {http://www.osti.gov/scitech/servlets/pURL/6817347},
  DOI     = {10.1115/1.2910291},
	ISSN    = {0098-2202},
}

@article{settles-1994,
  title     = {{Supersonic and hypersonic shock/boundary-layer interaction database}\index{Settles, G.S.}},
  author    = {Settles, G.S.},
  journal   = {AIAA journal},
  volume    = {32},
  number    = {7},
  year      = {1994},
  publisher = {American Institute of Aeronautics and Astronautics}
}

@article{spalart-1994,
  title   = {{A one-equation turbulence model for aerodynamic flows}\index{Spalart, P.R.}\index{Allmaras, S.R.}},
  author  = {Spalart, P.R. and Allmaras, S.R.},
  journal = {La Recherce Aerospatiale},
  volume  = {1},
  number  = {1},
  pages   = {5--21},
  year    = {1994}
}

@article{toro-1994,
  author  = {Toro, E.F.},
  title   = {{Restoration of the contact surface in the HLL-Riemann solver}\index{Toro, E.F.}},
  journal = {Shock Waves},
  year    = {1994},
  month   = {July},
  volume  = {4},
  number  = {1},
  pages   = {25--34},
  ISSN    = {0938-1287 (Print) 1432-2153 (Online)},
  DOI     = {10.1007/BF01414629},
  note    = {Springer Berlin / Heidelberg}
}

@article{sussman-1994,
  title     = {{A Level Set Approach for Computing Solutions to Incompressible Two-Phase Flow}\index{Sussman, M.}\index{Smereka, P.}\index{Osher, S.}},
  author    = {Sussman, M. and Smereka, P. and Osher, S.},
  journal   = {Journal of computational physics},
  volume    = {114},
  number    = {1},
  pages     = {146--159},
  ISSN      = {0021-9991},
  year      = {1994},
  publisher = {Elsevier}
}

@article{vanderwall-1994,
	author  = {van der Wall, B. G. and Leishman, J. G.},
	title   = {{On the Influence of Time-Varying Flow Velocity on Unsteady Aerodynamics}},
	journal = {Journal of the American Helicopter Society},
	volume  = {39},
	number  = {4},
	year    = {1994},
	pages   = {25-36},
	DOI     = {10.4050/JAHS.39.25},
	URL     = {http://www.ingentaconnect.com/content/ahs/jahs/1994/00000039/00000004/art00003},
}

@article{levy-1993,
  title   = {{Use of a rotated Riemann solver for the two-dimensional Euler equations}},
  author  = {Levy, D.W. and Powell, K.G. and van Leer, B.},
  journal = {Journal of Computational Physics},
  volume  = {106},
  number  = {2},
  pages   = {201--214},
  year    = {1993},
  DOI     = {10.1016/S0021-9991(83)71103-4},
  ISSN    = {0021-9991},
  URL     = {http://www.sciencedirect.com/science/article/pii/S0021999183711034},
}

@article{morino-1993,
	title     = {{Boundary Integral Equations in Aerodynamics}},
	author    = {Morino, L.},
	year      = {1993},
	journal   = {Applied Mechanics Reviews},
	volume    = {46},
	number    = {8},
	pages     = {445–466},
	month     = {August},
  publisher = {American Society of Mechanical Engineers},
	DOI       = {10.1115/1.3120373},
	ISSN      = {0003-6900},
}

@article{lele-1992,
	title   = {{Compact finite difference schemes with spectral-like resolution}},
	author  = {Lele, S.K.},
	journal = {Journal of Computational Physics},
	number  = {1},
	pages   = {16--42},
	volume  = {103},
	year    = {1992},
	URL     = {http://www.sciencedirect.com/science/article/pii/002199919290324R},
	DOI     = {10.1016/0021-9991(92)90324-R},
	ISSN    = {0021-9991},
}

@article{poinsot-1992,
  title     = {{Boundary conditions for direct simulations of compressible viscous flows}\index{Lele, S.K.}\index{Poinsot, T.J.}},
  author    = {Poinsot, T.J. and Lele, S.K.},
  journal   = {Journal of Computational Physics},
  volume    = {101},
  number    = {1},
  pages     = {104--129},
  year      = {1992},
  publisher = {Elsevier}
}

@article{insel-1992,
  title   = {{Investigation into the resistance components of high speed displacement catamarans}\index{Insel, M.}\index{Molland, AF}},
  author  = {Insel, M. and Molland, AF},
  journal = {Transactions of Royal Institute of Naval Architects},
  pages   = {1--20},
  year    = {1992}
}

@article{millward-1992,
  title   = {{The effect of hull separation and restricted water depth on catamaran resistance}\index{Millward, A.}},
  author  = {Millward, A.},
  journal = {Transactions of Royal Institute of Naval Architects},
  volume  = {134},
  pages   = {341--349},
  year    = {1992}
}

@article{einfeldt-1991,
  title     = {{On Godunov-type methods near low densities}\index{Einfeldt, B.}\index{Munz, CD}\index{Roe, PL}\index{Sjogreen, B.}},
  author    = {Einfeldt, B. and Munz, CD and Roe, PL and Sjogreen, B.},
  journal   = {Journal of Computational Physics},
  volume    = {92},
  number    = {2},
  pages     = {273--295},
  year      = {1991},
  publisher = {Elsevier}
}

@article{toro-1991,
  title     = {A linearized Riemann solver for the time-dependent Euler equations of gas dynamics},
  author    = {Toro, E.F.},
  journal   = {Proceedings of the Royal Society of London. Series A: Mathematical and Physical Sciences},
  volume    = {434},
  number    = {1892},
  pages     = {683--693},
  year      = {1991},
  publisher = {The Royal Society}
}

@article{blottner-1990,
	title     = {{Accurate Navier-Stokes results for the hypersonic flow over a spherical nosetip}},
	author    = {Blottner, F.G.},
	journal   = {Journal of Spacecraft and Rockets},
	number    = {2},
	pages     = {113--122},
	publisher = {American Institute of Aeronautics and Astronautics},
	volume    = {27},
	year      = {1990},
	DOI       = {10.2514/3.26115},
	ISSN      = {0022-4650},
}

@article{chesshire-1990,
  title     = {{Composite overlapping meshes for the solution of partial differential equations}},
  author    = {Chesshire, G. and Henshaw, WD},
  journal   = {Journal of Computational Physics},
  volume    = {90},
  number    = {1},
  pages     = {1--64},
  year      = {1990},
  publisher = {Elsevier},
  DOI       = {10.1016/0021-9991(90)90196-8},
  ISSN      = {0021-9991},
  URL       = {http://www.sciencedirect.com/science/article/pii/0021999190901968},
}

@article{heppner-1990,
  title   = {{A Stochastic Nonlinear Model for Coordinated Bird Flocks}\index{Heppner, F.}\index{Grenander, U.}},
  author  = {Heppner, F. and Grenander, U.},
  journal = {American Association for the Advancement of Science, Washington, DC(USA)},
  year    = {1990}
}

@article{hess-1990,
	title   = {{Panel Methods in Computational Fluid Dynamics}},
	author  = {Hess, J. L.},
	journal = {Annual Review of Fluid Mechanics},
	number  = {1},
	pages   = {255–274},
	volume  = {22},
	year    = {1990},
	URL     = {http://www.annualreviews.org/DOI/abs/10.1146/annurev.fl.22.010190.001351},
	DOI     = {10.1146/annurev.fl.22.010190.001351},
	eprint  = {http://www.annualreviews.org/DOI/pdf/10.1146/annurev.fl.22.010190.001351},
}

@article{roberts-1990,
  title     = {{The Behavior of Flux Difference Splitting Schemes near Slowly Moving Shock Waves}\index{Roberts, T.W.}},
  author    = {Roberts, T.W.},
  journal   = {Journal of Computational Physics},
  year      = {1990},
  volume    = {90},
  number    = {1},
  pages     = {141--160},
  publisher = {Elsevier}
}

@article{leishman-1989,
	author  = {Leishman, J. G. and Beddoes, T. S.},
	title   = {A Semi-Empirical Model for Dynamic Stall},
	journal = {Journal of the American Helicopter Society},
	volume  = {34},
	number  = {3},
	year    = {1989},
	pages   = {3-17},
	URL     = {http://www.ingentaconnect.com/content/ahs/jahs/1989/00000034/00000003/art00001},
	DOI     = {DOI:10.4050/JAHS.34.3},
}

@article{berger-1989,
  title     = {{Local adaptive mesh refinement for shock hydrodynamics}},
  author    = {M.J. Berger and P. Colella},
  journal   = {Journal of Computational Physics},
  volume    = {82},
  number    = {1},
  pages     = {64--84},
  year      = {1989},
  publisher = {Elsevier},
  DOI       = {10.1016/0021-9991(89)90035-1},
  ISSN      = {0021-9991},
  URL       = {http://www.sciencedirect.com/science/article/pii/0021999189900351},
}

@article{buning-1989,
  title     = {{Flowfield simulation of the space shuttle vehicle in ascent}},
  author    = {Buning, PG and Chiu, IT and Martin Jr, FW and Mealrin, RL and Obayashi, S. and Rizk, YM and Steger, JL and Yarrow, M.},
  journal   = {Supercomputing 89: Supercomputer applications},
  pages     = {20},
  year      = {1989},
  publisher = {International Supercomputing Institute}
}

@article{osher-1988,
  title     = {Fronts propagating with curvature-dependent speed: Algorithms based on Hamilton-Jacobi formulations},
  author    = {Osher, S. and Sethian, J.A.},
  journal   = {Journal of Computational Physics},
  volume    = {79},
  number    = {1},
  pages     = {12--49},
  year      = {1988},
  publisher = {Elsevier},
  DOI       = {10.1016/0021-9991(88)90002-2},
  ISSN      = {0021-9991},
  URL       = {http://www.sciencedirect.com/science/article/pii/0021999188900022},
}

@article{davis-1988,
author  = {Davis, S.},
title   = {{Simplified Second-Order Godunov-Type Methods}},
journal = {SIAM Journal on Scientific and Statistical Computing},
volume  = {9},
number  = {3},
pages   = {445--473},
year    = {1988},
DOI     = {10.1137/0909030},
URL     = {http://epubs.siam.org/DOI/abs/10.1137/0909030},
}

@article{einfeldt-1988,
  author    = {Einfeldt, B.},
  title     = {{On Godunov-Type Methods for Gas Dynamics}\index{Einfeldt, B.}},
  journal   = {SIAM Journal on Numerical Analysis},
  year      = {1988},
  volume    = {25},
  number    = {2},
  pages     = {294--318},
  month     = {April},
  publisher = {SIAM},
  DOI       = {10.1137/0725021},
  URL       = {http://epubs.siam.org/DOI/abs/10.1137/0725021},
}

@article{shu-1988,
  title     = {{Efficient implementation of essentially non-oscillatory shock-capturing schemes}\index{Shu, C.W.}\index{Osher, S.}},
  author    = {Shu, C.W. and Osher, S.},
  journal   = {Journal of Computational Physics},
  volume    = {77},
  number    = {2},
  pages     = {439--471},
  year      = {1988},
  publisher = {Elsevier}
}

@article{favier-1988,
	title     = {{Combined translation/pitch motion - A new airfoil dynamic stall simulation}},
	author    = {Favier, D. and Agnes, A. and Barbi, C. and Maresca, C.},
	journal   = {Journal of Aircraft},
	number    = {9},
	pages     = {805–814},
	publisher = {American Institute of Aeronautics and Astronautics},
	volume    = {25},
	year      = {1988},
	DOI       = {10.2514/3.45663},
	ISSN      = {0021-8669},
}

@article{zheltovodov-1987,
  title   = {{Investigation of Heat Transfer and Turbulence in Supersonic Separation}\index{Zheltovodov, A.A.}\index{Trofimov, V.M.}\index{Yakovlev, V.N.}},
  author  = {Zheltovodov, A.A. and Zaylichny, E.G. and Trofimov, V.M. and Yakovlev, V.N.},
  journal = {ITPM},
  pages   = {22--87},
  year    = {1987}
}

@article{harten-1987,
  author    = {Harten, A. and Einfeldt, B. and Osher, S. and Chakravarthy, S.R.},
  title     = {{Uniformly High Order Accurate Essentially Non-Oscillatory Schemes}\index{Harten, A.}\index{Einfeldt, B.}\index{Osher, S.}\index{Chakravarthy, S.R.}},
  journal   = {Journal of Computational Physics},
  year      = {1987},
  volume    = {71},
  number    = {2},
  pages     = {231--303},
  publisher = {Academic Press Professional, Inc. San Diego, CA, USA}
}

@article{steger-1987,
  title     = {{On the use of composite grid schemes in computational aerodynamics}},
  author    = {Steger, J.L. and Benek, J.A.},
  journal   = {Computer Methods in Applied Mechanics and Engineering},
  volume    = {64},
  number    = {1-3},
  pages     = {301--320},
  year      = {1987},
  publisher = {Elsevier},
  DOI       = {10.1016/0045-7825(87)90045-4},
  ISSN      = {0045-7825},
  URL       = {http://www.sciencedirect.com/science/article/pii/0045782587900454},
}

@article{moretti-1987,
	title   = {{Computation of Flows with Shocks}},
	author  = {Moretti, G},
	journal = {Annual Review of Fluid Mechanics},
	number  = {1},
	pages   = {313–337},
	volume  = {19},
	year    = {1987},
	URL     = {http://www.annualreviews.org/DOI/abs/10.1146/annurev.fl.19.010187.001525},
	DOI     = {10.1146/annurev.fl.19.010187.001525},
	eprint  = {http://www.annualreviews.org/DOI/pdf/10.1146/annurev.fl.19.010187.001525},
}

@article{hornung-1986,
  title   = {{Regular and Mach reflection of shock waves}},
  author  = {Hornung, H.},
  journal = {Annual review of fluid mechanics},
  volume  = {18},
  pages   = {33--58},
  year    = {1986}
}

@article{roe-1986,
  title     = {{Characteristic-based schemes for the Euler equations}\index{Roe, PL}},
  author    = {Roe, PL},
  journal   = {Annual review of fluid mechanics},
  volume    = {18},
  number    = {1},
  pages     = {337--365},
  year      = {1986},
  publisher = {Annual Reviews}
}

@article{hung-1985,
  title   = {{Simulation of blunt-fin-induced shock-wave and turbulent boundary-layer interaction}\index{Hung, C.M.}\index{Buning, P.G.}},
  author  = {Hung, C.M. and Buning, P.G.},
  journal = {Journal of Fluid Mechanics},
  volume  = {154},
  number  = {1},
  pages   = {163--185},
  year    = {1985}
}

@article{roe-1985,
  title     = {{Efficient Construction and Utilisation of Approximate Riemann Solutions}\index{Roe, P.L.}\index{Pike, J.}},
  author    = {Roe, P.L. and Pike, J.},
  journal   = {$6^{th}$ Int. symposium on Computing Methods in Applied Sciences and Engineering},
  pages     = {499--518},
  year      = {1985},
  publisher = {North-Holland Publishing Co. Amsterdam, The Netherlands}
}

@article{kottapalli-1985,
	title   = {{Unsteady Aerodynamics of Oscillating Airfoils with Inplane Motions}},
	author  = {Kottapalli, Sesi B.R.},
	journal = {Journal of the American Helicopter Society},
	number  = {1},
	pages   = {62–63},
	volume  = {30},
	year    = {1985},
	URL     = {http://www.scopus.com/inward/record.URL?eid=2-s2.0-0021785375&partnerID=40&md5=4dd1f6a4131fb85f53e252382a67302d},
}

@article{bazhenova-1984,
  title     = {{Unsteady interactions of shock waves}},
  author    = {Bazhenova, T.V. and Gvozdeva, L.G. and Nettleton, M.A.},
  journal   = {Progress in Aerospace Sciences},
  volume    = {21},
  pages     = {249--331},
  year      = {1984},
  publisher = {Elsevier}
}

@article{berger-1984,
  title     = {Adaptive mesh refinement for hyperbolic partial differential equations},
  author    = {Berger, M. J. and Oliger, J.},
  journal   = {Journal of Computational Physics},
  volume    = {53},
  number    = {3},
  pages     = {484--512},
  year      = {1984},
  publisher = {Elsevier},
  ISSN      = {0021-9991},
  DOI       = {10.1016/0021-9991(84)90073-1},
  URL       = {http://www.sciencedirect.com/science/article/pii/0021999184900731},
}

@article{leer-1984,
  title     = {{On the Relation Between the Upwind-Differencing Schemes of Godunov, Engquist-Osher and Roe}\index{van Leer, B.}},
  author    = {Bram {van Leer}},
  journal   = {SIAM Journal on Scientific and Statistical Computing},
  volume    = {5},
  pages     = {1},
  year      = {1984},
  publisher = {SIAM}
}

@article{pandolfi-1984,
  author  = {Maurizio Pandolfi},
  title   = {{A Contribution to the Numerical Prediction of Unsteady Flows}\index{Pandolfi, M.}},
  journal = {AIAA Journal},
  year    = {1984},
  volume  = {22},
  number  = {5},
  pages   = {602--610},
  month   = {May}
}

@article{woodward-1984,
  title     = {{The numerical simulation of two-dimensional fluid flow with strong shocks}\index{Woodward, P.}\index{Colella, P.}},
  author    = {Woodward, P. and Colella, P.},
  journal   = {Journal of Computational Physics},
  volume    = {54},
  number    = {1},
  pages     = {115--173},
  ISSN      = {0021-9991},
  year      = {1984},
  publisher = {Elsevier}
}

@article{rogallo-1984,
  title   = {{Numerical Simulation of Turbulent Flows}},
  author  = {Rogallo, R.S. and Moin, P.},
  journal = {Annual Review of Fluid Mechanics},
  volume  = {16},
  number  = {1},
  pages   = {99-137},
  year    = {1984},
  DOI     = {10.1146/annurev.fl.16.010184.000531},
  URL     = {http://www.annualreviews.org/DOI/abs/10.1146/annurev.fl.16.010184.000531},
}

@article{colella-1984,
  title     = {{The Piecewise Parabolic Method (PPM) for gas-dynamical simulations}\index{Colella, P.}\index{Woodward, P.}},
  author    = {Colella, P. and Woodward, P.R.},
  journal   = {Journal of Computational Physics},
  volume    = {54},
  number    = {1},
  pages     = {174--201},
  ISSN      = {0021-9991},
  year      = {1984},
  publisher = {Elsevier}
}

@article{harten-1983,
  title   = {{Self Adjusting Grid Methods for One-Dimensional Hyperbolic Conservation Laws}\index{Harten, A.}\index{Hyman, J.M.}},
  author  = {Harten, A. and Hyman, J.M.},
  journal = {Journal of Computational Physics},
  volume  = {50},
  number  = {2},
  pages   = {235--269},
  year    = {1983},
  DOI     = {10.1016/0021-9991(83)90066-9},
  ISSN    = {0021-9991},
  URL     = {http://www.sciencedirect.com/science/article/pii/0021999183900669},
}

@article{hll-1983,
  author  = {Harten, A. and Lax, P.D. and {van Leer}, B.},
  title   = {{On Upstream Differencing and Godunov-Type Schemes for Hyperbolic Conservation Laws}\index{Harten, A.}\index{Lax, P.D.}\index{van Leer, B.}},
  journal = {SIAM Review},
  year    = {1983},
  volume  = {25},
  number  = {1},
  pages   = {35--61},
  month   = {January},
  DOI     = {10.1137/1025002},
  URL     = {http://epubs.siam.org/DOI/abs/10.1137/1025002},
}

@article{mccroskey-1982,
author  = {McCroskey, W J},
title   = {Unsteady Airfoils},
journal = {Annual Review of Fluid Mechanics},
volume  = {14},
number  = {1},
pages   = {285-311},
year    = {1982},
DOI     = {10.1146/annurev.fl.14.010182.001441},
URL     = {http://www.annualreviews.org/DOI/abs/10.1146/annurev.fl.14.010182.001441},
}

@article{dolling-1982,
  title     = {{Blunt fin-induced shock wave/turbulent boundary-layer interaction}\index{Dolling, DS}\index{Bogdonoff, SM}},
  author    = {Dolling, DS and Bogdonoff, SM},
  journal   = {AIAA Journal},
  volume    = {20},
  pages     = {1674--1680},
  year      = {1982},
  publisher = {American Institute of Aeronautics and Astronautics, 1801 Alexander Bell Drive, Suite 500, Reston, VA, 20191-4344, USA,}
}

@article{osher-1982,
  title   = {{Upwind Difference Schemes for Hyperbolic Conservation Laws}\index{Osher, S.}\index{Solomon, F.}},
  author  = {Stanley Osher and Fred Solomon},
  journal = {Math. Comput},
  volume  = {38},
  number  = {158},
  pages   = {339--374},
  year    = {1982}
}

@article{boehm-1981,
  author  = {Boehm, B.W.},
  journal = {IEEE Transactions on Software Engineering},
  title   = {{Software Engineering Economics}},
  month   = {January},
  year    = {1984},
  volume  = {SE-10},
  number  = {1},
  pages   = {4--21},
  DOI     = {10.1109/TSE.1984.5010193},
  ISSN    = {0098-5589},
}

@article{jameson-1981,
  title   = {{Numerical solutions of the Euler equations by finite volume methods with Runge-Kutta time stepping schemes}\index{Jameson, A.}\index{Schmidt, W.}\index{Turkel, E.}},
  author  = {Jameson, A. and Schmidt, W. and Turkel, E.},
  journal = {AIAA paper},
  volume  = {81},
  pages   = {1259},
  year    = {1981}
}

@article{roe-1981,
  title   = {{Approximate Riemann Solvers, Parameter Vectors, and Difference Schemes}\index{Roe, P.L.}},
  author  = {Roe, P.L.},
  journal = {Journal of Computational Physics},
  volume  = {43},
  number  = {2},
  pages   = {357--372},
  year    = {1981},
  DOI     = {10.1016/0021-9991(81)90128-5},
  ISSN    = {0021-9991},
  URL     = {http://www.sciencedirect.com/science/article/pii/0021999181901285},
}

@article{steger-1981,
  title     = {{Flux vector splitting of the inviscid gasdynamic equations with application to finite-difference methods}},
  author    = {Steger, J.L. and Warming, RF},
  journal   = {Journal of Computational Physics},
  volume    = {40},
  number    = {2},
  pages     = {263--293},
  year      = {1981},
  publisher = {Elsevier}
}

@article{moretti-1979,
	title   = {{The $\lambda$-scheme}},
	author  = {Moretti, Gino},
	journal = {Computers \& Fluids},
	number  = {3},
	pages   = {191–205},
	volume  = {7},
	year    = {1979},
	DOI     = {10.1016/0045-7930(79)90036-7},
	ISSN    = {0045-7930},
	URL     = {http://www.sciencedirect.com/science/article/pii/0045793079900367},
}

@article{maresca-1979,
author   = {Maresca,C. and Favier,D. and Rebont,J.},
title    = {{Experiments on an aerofoil at high angle of incidence in longitudinal oscillations}},
journal  = {Journal of Fluid Mechanics},
volume   = {92},
month    = {5},
year     = {1979},
pages    = {671--690},
issue    = {04},
numpages = {20},
DOI      = {10.1017/S0022112079000823},
URL      = {http://journals.cambridge.org/article_S0022112079000823},
ISSN     = {1469-7645},
}

@article{fagin-1979,
 title     = {{Extendible Hashing--A Fast Access Method for Dynamic Files}},
 author    = {Fagin, R. and Nievergelt, J. and Pippenger, N. and Strong, H.R.},
 journal   = {ACM Transactions on Database Systems},
 publisher = {ACM},
 address   = {New York, NY, USA},
 year      = {1979},
 month     = {September},
 volume    = {4},
 number    = {3},
 pages     = {315--344},
 DOI       = {10.1145/320083.320092},
 URL       = {http://DOI.acm.org/10.1145/320083.320092},
 ISSN      = {0362-5915},
 acmid     = {320092},
}

@article{vanleer-1979,
	title   = {{Towards the ultimate conservative difference scheme. V. A second-order sequel to Godunov's method}},
	author  = {van Leer, B.},
	journal = {Journal of Computational Physics},
	number  = {1},
	pages   = {101–136},
	volume  = {32},
	year    = {1979},
	DOI     = {10.1016/0021-9991(79)90145-1},
	URL     = {http://www.sciencedirect.com/science/article/pii/0021999179901451},
	ISSN    = {0021-9991},
}

@article{beam-1978,
  title   = {{An Implicit Factored Scheme for the Compressible Navier-Stokes Equations}\index{Beam, R.M.}\index{Warming, R.F.}},
  author  = {Beam, R.M. and Warming, R.F.},
  journal = {AIAA Journal},
  volume  = {16},
  pages   = {393--402},
  ISSN    = {0001-1452},
  year    = {1978}
}

@article{larson-1978,
  title     = {{Dynamic hashing}},
  author    = {Larson, P.A.},
  journal   = {BIT Numerical Mathematics},
  publisher = {Kluwer Academic Publishers},
  year      = {1978},
  volume    = {18},
  issue     = {2},
  pages     = {184--201},
  DOI       = {10.1007/BF01931695},
  ISSN      = {0006-3835},
  URL       = {http://dx.DOI.org/10.1007/BF01931695},
}

@article{sod-1978,
  title   = {{A Survey of Several Finite Difference Methods for Systems of Nonlinear Hyperbolic Conservation Laws}\index{Sod, G.A.}},
  author  = {Sod, G.A.},
  journal = {Journal Computation Physics},
  volume  = {27},
  number  = {1},
  pages   = {1--31},
  year    = {1978}
}

@article{naboko-1977,
  title   = {{Wave structure and density distribution in a nonstationary gas jet}},
  author  = {Naboko, I.M. and Golub, V.V. and Eremin, A.V. and Kochnev, V.A. and Kulikovskii, A.A.},
  journal = {Archiwum Mechaniki Stosowanej},
  volume  = {29},
  number  = {1},
  pages   = {69--80},
  year    = {1977}
}

@article{naboko-1974,
  title   = {{Structure of a shock-heated gas flow under pulsed gas-dynamic laser conditions}},
  author  = {Naboko, I.M. and Kudriavtsev, E.M. and Opara, A.I. and Golub, V.V.},
  journal = {High Temperature},
  volume  = {12},
  number  = {1},
  pages   = {105--109},
  year    = {1974}
}

@article{peretz-1973,
  title   = {{Starting Transient of Solid-Propellant ocket Motors with High Internal Gas Velocities}\index{Peretz, A.}\index{Kuo, K.K.}\index{Caveny, L.H.}\index{Summerfield, M.}},
  author  = {A. Peretz and {Kuo, K.K.} and {Caveny, L.H.} and M. Summerfield},
  journal = {AIAA Journal},
  volume  = {11},
  number  = {12},
  pages   = {1719--1727},
  year    = {1973}
}

@article{back-1970,
  title   = {{Changes in heat transfer from turbulent boundary layers interacting with shock waves and expansion waves}\index{Back, LH}\index{Cuffel, RF}},
  author  = {Back, LH and Cuffel, RF},
  journal = {AIAA Journal},
  volume  = {8},
  pages   = {1871--1873},
  year    = {1970}
}

@article{meshkov-1969,
  title     = {{Instability of the interface of two gases accelerated by a shock wave}\index{Meshkov, E.E.}},
  author    = {Meshkov, E.E.},
  journal   = {Journal of Fluid Dynamics},
  volume    = {4},
  number    = {5},
  pages     = {101--104},
  year      = {1969},
  publisher = {Springer}
}

@article{turner-1969,
  title     = {{The resistance of large powered catamarans}\index{Turner, H.}\index{Taplin, A.}},
  author    = {Turner, H. and Taplin, A.},
  journal   = {Transactions},
  pages     = {180},
  ISSN      = {0081-1661},
  year      = {1969},
  publisher = {Society of Naval Architects}
}

@article{chorin-1967,
  title     = {{A Numerical Method for Solving Incompressible Viscous Flow Problems}\index{Chorin, A.J.}},
  author    = {Chorin, A.J.},
  journal   = {Journal of Computational Physics},
  volume    = {2},
  number    = {1},
  pages     = {12--26},
  ISSN      = {0021-9991},
  year      = {1967},
  publisher = {Elsevier}
}

@article{smagorinsky-1963,
  title   = {{General Circulation Experiments with the Primitive Equations. I. The Basic Experiment}\index{Smagorinsky, J.}},
  author  = {J. Smagorinsky},
  journal = {Monthly Weather Review},
  volume  = {91},
  number  = {3},
  pages   = {99--164},
  year    = {1963},
  note    = {American Meteorological Society}
}

@article{rusanov-1961,
  title     = {Calculation of Intersection of Non-Steady Shock Waves with Obstacles},
  author    = {Rusanov, V. V.},
  journal   = {J. Comput. Math. Phys.},
  volume    = {1},
  pages     = {267--279},
  year      = {1961},
  publisher = {USSR}
}

@article{godunov-1959,
  author  = {Godunov, S.K.},
  title   = {{Finite Difference Method for Numerical Computation of Discontinuous Solutions of the Equations of Fluid Dynamics}\index{Godunov, S.K.}},
  journal = {Matematicheskii Sbornik},
  year    = {1959},
  volume  = {47},
  number  = {3},
  pages   = {271}
}

@article{fay-1958,
  title   = {{Theory of stagnation point heat transfer in dissociated air}},
  author  = {Fay, J.A. and Riddell, F.R.},
  journal = {J. Aeronautical Sciences},
  volume  = {25},
  number  = {2},
  pages   = {73--85},
  year    = {1958}
}

@article{lebedev-1955,
  title   = {{The Equations and Convergence of a Differential-Difference method (the Method of Lines)}},
  author  = {Lebedev, V.I.},
  journal = {Vestnik Moskovskogo Gosudarstvennogo Universiteta},
  year    = {1955},
  volume  = {10},
  pages   = {47--57},
}

@article{lax-1954-w,
  title     = {{Weak solutions of nonlinear hyperbolic equations and their numerical computation}},
  author    = {Lax, P.D.},
  journal   = {Communications on Pure and Applied Mathematics},
  volume    = {7},
  number    = {1},
  pages     = {159--193},
  year      = {1954},
  publisher = {Wiley Online Library}
}

@article{lax-1954,
  title     = {Symmetrizable linear transformations},
  author    = {Lax, P.D.},
  journal   = {Communications on Pure and Applied Mathematics},
  volume    = {7},
  number    = {4},
  pages     = {633--647},
  year      = {1954},
  publisher = {Wiley Online Library}
}

@article{hadamard-1953,
  title     = {{Lectures on Cauchy's problem in linear partial differential equations}},
  author    = {Hadamard, J. and Morse, P.M.},
  journal   = {Physics Today},
  volume    = {6},
  pages     = {18},
  year      = {1953},
  publisher = {Dover}
}

@article{ludford-1953,
  author  = {Ludford, G. and {Seeger, R.J.}},
  title   = {{On Unsteady Flow of Compressible Viscous Fluids}\index{Ludford, G.}\index{Seeger, R.J.}},
  journal = {Journal of Applied Physics},
  year    = {1953},
  volume  = {24},
  number  = {4},
  month   = {April}
}

@article{courant-1952,
  author    = {Courant, R. and Isaacson, E. and Rees, M.},
  title     = {{On the Solution of Nonlinear Hyperbolic Differential Equations by Finite Differences}\index{Courant, R.}\index{Isaacson, E.}\index{Rees, M.}},
  journal   = {Communications on Pure and Applied Mathematics},
  year      = {1952},
  volume    = {5},
  pages     = {243--255},
  publisher = {Interscience Publishers}
}

@article{charney-1950,
	author    = {Charney, J.G. and Fj\"{o}rtoft, R. and {von Neumann}, J.},
	journal   = {Tellus},
	number    = {4},
	pages     = {237--254},
	publisher = {Blackwell Publishing Ltd},
	title     = {{Numerical Integration of the Barotropic Vorticity Equation}},
	volume    = {2},
	year      = {1950},
	URL       = {http://dx.DOI.org/10.1111/j.2153-3490.1950.tb00336.x},
	DOI       = {10.1111/j.2153-3490.1950.tb00336.x},
	ISSN      = {2153-3490},
	issue     = {2},
}

@article{neumann-1950,
  author  = {{von Neumann}, J. and Richtmyer, R.D.},
  title   = {{A Method for the Numerical Calculation of Hydrodynamic Shocks}\index{von Neumann, J.}\index{Richtmyer, R.D.}},
  journal = {Journal of Applied Physics},
  year    = {1950},
  volume  = {21},
  number  = {3},
  pages   = {232--257},
  month   = {November}
}

@article{crank-1947,
	author    = {Crank, J. and Nicolson, P.},
	journal   = {Mathematical Proceedings of the Cambridge Philosophical Society},
	month     = {1},
	pages     = {50--67},
	title     = {{A practical method for numerical evaluation of solutions of partial differential equations of the heat-conduction type}},
	volume    = {43},
	year      = {1947},
  publisher = {Cambridge Univ Press},
	DOI       = {10.1017/S0305004100023197},
	ISSN      = {1469-8064},
	URL       = {http://journals.cambridge.org/article_S0305004100023197},
	issue     = {01},
}

@article{isaacs-1945,
	title     = {{Airfoil Theory for Flows of Variable Velocity}},
  author    = {Isaacs, R.},
	journal   = {Journal of the Aeronautical Sciences (Institute of the Aeronautical Sciences)},
	number    = {1},
	pages     = {113–117},
	publisher = {American Institute of Aeronautics and Astronautics},
	volume    = {12},
	year      = {1945},
	DOI       = {10.2514/8.11202},
}

@article{neumann-1944,
  author  = {{von Neumann}, J.},
  title   = {{Proposal and Analysis of a New Numerical Method for the Treatment of Hydrodynamical Shock Problems}\index{von Neumann, J.}},
  journal = {AMG-IAS},
  year    = {1944},
  volume  = {1},
  number  = {108.1R},
  month   = {March 20th}
}

@article{kolmogorov-1941,
  title   = {{The local structure of turbulence in incompressible viscous fluid for very large Reynolds number}},
  author  = {Kolmogorov, A. N.},
  journal = {Dokl. Akad. Nauk SSSR},
  pages   = {301--305},
  volume  = {30},
  year    = {1941}
}

@article{turing-1937,
  title   = {{On Computable Numbers}\index{Turing, A.M.}},
  author  = {Turing, A.M.},
  journal = {Proceedings of the London Mathematical Society},
  volume  = {2},
  number  = {42},
  pages   = {230--65},
  year    = {1937}
}

@article{glauert-1935,
  title     = {{Airplane propellers}},
  author    = {Glauert, H.},
  journal   = {Aerodynamic theory},
  volume    = {4},
  pages     = {191--269},
  year      = {1935},
  publisher = {Division L., New York, Springer}
}

@article{vonkarman-1930,
  title   = {{Mechanische {\"a}nlichkeit und turbulenz}},
  author  = {Von Karman, Th},
  journal = {Nachrichten von der Gesellschaft der Wissenschaften zu G{\"o}ttingen, Mathematisch-Physikalische Klasse},
  volume  = {1930},
  pages   = {58--76},
  year    = {1930}
}

@article{courant-1928,
  title     = {{\"{U}ber die Partiellen Differenzengleichungen der Mathematischen Physik}\index{Courant, R.}\index{Friedrichs, K.}\index{Lewy, H.}},
  author    = {Courant, R. and Friedrichs, K.O. and Lewy, H.},
  journal   = {Mathematische Annalen},
  number    = {1},
  volume    = {100},
  pages     = {32--74},
  year      = {1928},
  publisher = {Springer},
  DOI       = {10.1007/BF01448839},
  ISSN      = {0025-5831},
}

@article{richardson-1927,
  title     = {{The Deferred Approach to the Limit. Part I. Single Lattice. Part II. Interpenetrating Lattices}\index{Richardson, L.F.}\index{Gaunt, J.A.}},
  author    = {Richardson, L.F. and Gaunt, J.A.},
  journal   = {Philosophical Transactions of the Royal Society of London. Series A, Containing Papers of a Mathematical or Physical Character},
  volume    = {226},
  pages     = {299--361},
  year      = {1927},
  publisher = {The Royal Society},
  URL       = {http://www.jstor.org/stable/91171},
  ISSN      = {02643952},
}

@article{richardson-1926,
  title     = {{Atmospheric Diffusion Shown on a Distance-Neighbour Graph}\index{Richardson, L.F.}},
  author    = {Richardson, L.F.},
  journal   = {Proceedings of the Royal Society of London. Series A, Containing Papers of a Mathematical and Physical Character},
  volume    = {110},
  number    = {756},
  pages     = {709--737},
  year      = {1926},
  month     = {April},
  publisher = {The Royal Society},
  URL       = {http://www.jstor.org/stable/94463},
  ISSN      = {09501207},
}

@article{prandtl-1925,
  title  = {{Bericht {\"u}ber Untersuchungen zur ausgebildeten Turbulenz}},
  author = {Prandtl, Ludwig},
  journal= {Z. Angew. Math. Mech},
  volume = {5},
  number = {2},
  pages  = {136--139},
  year   = {1925},
}

@article{woolard-1922,
  title     = {{L.F. Richardson on Weather Prediction by Numerical Process}\index{Woolard, E.W.}},
  author    = {Woolard, E.W.},
  journal   = {Monthly Weather Review},
  volume    = {50},
  number    = {2},
  pages     = {72--74},
  year      = {1922},
  publisher = {American Meteorological Society}
}

@article{betz-1919,
  title   = {{Schraubenpropeller mit geringstem Energieverlust}},
  author  = {Betz, A.},
  journal = {G{\"o}ttinger Nachrichten},
  year    = {1919},
}

@article{richardson-1919,
  title     = {{Atmospheric Stirring Measured by Precipitation}\index{Richardson, L.F.}},
  author    = {Richardson, L.F.},
  journal   = {Monthly Weather Review},
  year      = {1919},
  volume    = {47},
  number    = {10},
  pages     = {706--707},
  publisher = {American Meteorological Society}
}

@article{joukowski-1912,
  title   = {{Vortex theory of a rowing screw}},
  author  = {Joukowski, N.E.},
  journal = {Trudy Otdeleniya Fizicheskikh Nauk Obshchestva Lubitelei Estestvoznaniya},
  year    = {1912},
  volume  = {16},
  number  = {1},
  note    = {In Russian}
}

@article{richardson-1911,
  title     = {{The Approximate Arithmetical Solution by Finite Differences of Physical Problems Involving Differential Equations, with an Application to the Stresses in a Masonry Dam}\index{Richardson, L.F.}},
  author    = {Richardson, L.F.},
  journal   = {Philosophical Transactions of the Royal Society of London. Series A, Containing Papers of a Mathematical or Physical Character},
  year      = {1911},
  volume    = {210},
  pages     = {307--357},
  publisher = {The Royal Society},
  URL       = {http://www.jstor.org/stable/90994},
  ISSN      = {02643952},
}

@article{kutta-1901,
  author    = {Kutta, W.},
  title     = {{Beitrag zur n\"{a}herungweisen Integration totaler Differentialgleichungen}},
  journal   = {Zeitschrift f\"{u}r angewandte Mathematik und Physik},
  year      = {1901},
  volume    = {46},
  pages     = {435--453},
}

@article{reynolds-1895,
     title     = {{On the Dynamical Theory of Incompressible Viscous Fluids and the Determination of the Criterion}},
     author    = {Reynolds, Osborne},
     journal   = {Philosophical Transactions of the Royal Society of London. A},
     volume    = {186},
     pages     = {123-164},
     year      = {1895},
     publisher = {The Royal Society},
     url       = {http://www.jstor.org/stable/90643},
     ISSN      = {02643820},
}

@article{runge-1895,
  author    = {Runge, C.},
  title     = {{Ueber die numerische Aufl\"{o}sung von Differentialgleichungen}},
  journal   = {Mathematische Annalen},
  publisher = {Springer-Verlag},
  year      = {1895},
  volume    = {46},
  number    = {2},
  pages     = {167-178},
  DOI       = {10.1007/BF01446807},
  ISSN      = {0025-5831},
  URL       = {http://dx.DOI.org/10.1007/BF01446807},
}

@article{hilbert-1891,
  title     = {{\"{U}eber die stetige Abbildung einer Line auf ein Fl\"{a}chenst\"{u}ck}},
  author    = {Hilbert, D.},
  journal   = {Mathematische Annalen},
  year      = {1891},
  publisher = {Springer-Verlag},
  volume    = {38},
  pages     = {459--460},
  issue     = {3},
  DOI       = {10.1007/BF01199431},
  ISSN      = {0025-5831},
  URL       = {http://dx.DOI.org/10.1007/BF01199431},
}

@article{peano-1890,
  title     = {{Sur une courbe, qui remplit toute une aire plane}},
  author    = {Peano, G.},
  journal   = {Mathematische Annalen},
  year      = {1890},
  publisher = {Springer-Verlag},
  volume    = {36},
  pages     = {157--160},
  issue     = {1},
  DOI       = {10.1007/BF01199438},
  ISSN      = {0025-5831},
  URL       = {http://dx.DOI.org/10.1007/BF01199438},
}

@article{boussinesq-1877,
  title   = {Th{\'e}orie de l'{\'e}coulement tourbillant},
  author  = {Boussinesq, J},
  journal = {Acad{\'e}mie des Sciences de l'Insitut de France},
  year    = {1877},
  volume  = {23},
  pages   = {46--50},
}

@article{riemann-1860,
  title   = {{Ueber die Fortpflanzung ebener Luftwellen von endlicher Schwingungsweite}},
  author  = {Riemann, B.},
  journal = {Aus dem achten Bande der Abhandlungen der K\"{o}niglichen Gesellschaft der Wissenschaften zu G\"{o}ttingen},
  year    = {1860},
  volume  = {8},
}

@article{stokes-1846,
  title   = {{Report on recent researches in hydrodynamics}},
  author  = {Stokes, G.G.},
  journal = {British Association for the Advancement of Science},
  year    = {1846},
  volume  = {1},
  pages   = {1--20},
}

@article{navier-1822,
  title   = {{M{\'e}moire sur les lois du mouvement des fluides}},
  author  = {Navier, C.L.M.H.},
  journal = {M{\'e}moires de l’Acad{\'e}mie Royale des Sciences de l’Institut de France},
  year    = {1822},
  volume  = {6},
  pages   = {389--440},
}

@article{dalton-1801,
  author  = {Dalton, J.},
  title   = {{New Theory of the Constitution of Mixed Aeriform Fluids, and Particularly of the Atmosphere}},
  journal = {Journal of Natural Philosophy, Chemistry, and The Arts},
  year    = {1801},
  volume  = {5},
  pages   = {241--244},
}

@article{euler-1761,
  title   = {Principia motus fluidorum},
  author  = {Euler, L.},
  journal = {Novi commentarii academi\ae scientiarum Petropolitan\ae},
  year    = {1761},
  volume  = {6},
  pages   = {271--311},
}

@article{euler-1757,
  title   = {{Principes g{\'e}n{\'e}raux de l'etat d'quilibre des fluides}},
  author  = {Euler, L.},
  journal = {M{\'e}moires de l’academie des sciences de Berlin},
  year    = {1757},
  volume  = {11},
  pages   = {217--273},
}

@article{euler-1757a,
  title   = {{Principes g{\'e}n{\'e}raux du mouvement des fluides}},
  author  = {Euler, L.},
  journal = {M{\'e}moires de l’academie des sciences de Berlin},
  year    = {1757},
  volume  = {11},
  pages   = {274--315},
}

@article{euler-1757b,
  title   = {{Continuation des recherrches sur la th\'eorie du mouvement des fluides}},
  author  = {Euler, L.},
  journal = {M{\'e}moires de l’academie des sciences de Berlin},
  year    = {1757},
  volume  = {11},
  pages   = {316--361},
}

@article{bernoulli-1742,
  title   = {{Hydraulica, nunc primum detecta ac demonstrata directe ex fundamentis pure mechanicis}},
  author  = {Bernoulli, J.},
  journal = {Opera Omnia},
  year    = {1742},
  address = {Ginebra},
  pages   = {387--493},
}

@article{bernoulli-1727,
  title   = {Theoria nova de motu aquarum per canales quoscunque fluentium},
  author  = {Bernoulli, D.},
  journal = {Commentarii Academi\ae Scientiarum Imperialis Petropolitan\ae},
  volume  = {2},
  year    = {1727},
  pages   = {111--125},
}

@article{huygens-1669,
  title   = {{Regles du mouvement dans la rencontre des corps}},
  author  = {Huygens, C.},
  journal = {Journal des S{\c{c}}avans},
  volume  = {5},
  pages   = {22--24},
  year    = {1669},
}

@article{newton-1669,
  title     = {{Analysis per aequationes numero terminorum infinitas}},
  author    = {Newton, I.},
  journal   = {The Royal Society, London},
  year      = {1669},
  volume    = {1711},
  publisher = { W. Jones}
}

%----------------------------------------------------------------------------------------------------------------------------------
% inproceedings
% needed fields:   author, title, booktitle, year
% optional fields: editor, pages, organization, publisher, address, month, note, key
@inproceedings{broglia-2015,
  title     = {{}},
  author    = {Broglia, R. and Zaghi, S. and Muscari, R. and Dubbioso, G.},
  booktitle = {$18^{th}$ Numerical Towing Tank Symposium (NuTTS'15)},
  year      = {2015},
  month     = {28-30th September},
  address   = {Cortona, Italy}
}

@inproceedings{leotardi-2015,
  title     = {{Unmanned Surface Vehicle hydrodynamic characterization by potential flow simulations}},
  author    = {Leotardi, C. and Diez, M.},
  booktitle = {$18^{th}$ Numerical Towing Tank Symposium (NuTTS'15)},
  year      = {2015},
  month     = {28-30th September},
  address   = {Cortona, Italy}
}

@inproceedings{zaghi-2012,
  title     = {{Numerical Simulation of Submarine Rising Maneuver}},
  author    = {Zaghi, S. and Dubbioso, G. and Broglia, R.},
  booktitle = {$10^{th}$ International Conference on Hydrodynamics},
  year      = {2012},
  month     = {October},
  address   = {St. Petersburg, Russia}
}

@inproceedings{schepers-2012,
  title     = {{Final Results from Mexnext-I: Analysis of detailed aerodynamic measurements on a 4.5m diameter rotor placed in the large German Dutch Wind Tunnel DNW}},
  author    = {Schepers, J.G. and Boorsma, K. and Munduate, X.},
  booktitle = {The Science of making Torque 2012},
  month     = {October},
  address   = {Oldenburg, Germany},
  year      = {2012},
}

@inproceedings{rethore-2011,
  title        = {MEXICO Wind Tunnel and Wind Turbine modelled in CFD},
  author       = {R{\'e}thor{\'e}, Pierre-Elouan and S{\o}rensen, Niels N. and Zahle, Frederik and Bechmann, Andreas and Madsen, Helge Aagaard},
  booktitle    = {AIAA Fluid Dynamics Conference},
  year         = {2011},
  month        = {June},
  key          = {AIAA-2011-3373},
  address      = {Honolulu, Hawaii (USA)},
}

@inproceedings{zaghi-inp-2011,
  author    = {S. Zaghi and A. Di Mascio and R. Muscari and R. Broglia},
  title     = {{Hydrodynamical Numerical Simulations of Complex-Shaped Moving Bodies by means of Dynamic Overlapping Grids}},
  booktitle = {MASCOT11 $11^{th}$ Meeting on Applied Scientific Computing and Tools},
  address   = {Rome, Italy},
  publisher = {MACS/ISGG},
  year      = {2011},
  month     = {October},
  ISSN      = {1098-870X},
}

@inproceedings{snel-2009,
  title     = {{Mexico Project: the database and results of data processing and interpretation}},
  author    = {Snel, H. and Schepers, G. and Siccama, N.},
  booktitle = {AIAA Fluid Dynamics Conference},
  year      = {2011},
  key       = {AIAA-2011-3373},
  address   = {Honolulu, Hawaii (USA)},
}

@inproceedings{potsdam-2009,
  author    = {Potsdam, M.A. and Mavriplis, D.J.},
  title     = {{Unstructured mesh CFD aerodynamic analysis of the NREL Phase VI rotor}},
  booktitle = {$47^{th}$ AIAA Aerospace Sciences Meeting and Exhibit},
  publisher = {American Institute of Aeronautics and Astronautics, 1801 Alexander Bell Drive, Suite 500, Reston, VA, 20191-4344, USA},
  address   = {Orlando, Florida},
  year      = {2009},
  month     = {January},
  pages     = {1--18},
}

@inproceedings{castiglione-2009,
 author    = {Castiglione, T. and Stern, F. and Kandasamy, M. and Bova, S.},
 title     = {{Unsteady rans simulations for a catamaran advancing in regular waves}\index{Castiglione, T.}\index{Stern, F.}\index{Kandasamy, M.}\index{Bova, S.}},
 year      = {2009},
 month     = {October},
 booktitle = {$10^{th}$ International Conference on Fast and Sea Transportation, FAST 2009},
 address   = {Athens, Greece}
}

@inproceedings{zlatev-2009,
 author    = {Zlatev, Z. and Milanov, E. and Chotukova, V. and Sakamoto, N. and Stern, F.},
 title     = {{Combined model-scale EFD-CFD investigation of the maneuvering characteristics of a high speed catamaran}\index{Zlatev, Z.}\index{Milanov, E.}\index{Chotukova, V.}\index{Sakamoto, N.}\index{Stern, F.}},
 year      = {2009},
 month     = {October},
 booktitle = {$10^{th}$ International Conference on Fast and Sea Transportation, FAST 2009},
 address   = {Athens, Greece}
}

@inproceedings{muscari-2008,
  title        = {{Analysis of the Flow Around a Manoeuvring VLCC}},
  author       = {Muscari, R. and Broglia, R. and Di Mascio, A.},
  year         = {2008},
  organization = {ASME},
  volume       = {5},
  pages        = {559--565},
  booktitle    = {$27^{th}$ International Conference on Offshore Mechanics and Arctic Engineering, OMAE 2008},
  address      = {Estoril, Portugal},
  month        = {June}
}

@inproceedings{burstedde-2008,
  title        = {Scalable adaptive mantle convection simulation on petascale supercomputers},
  author       = {Burstedde, C. and Ghattas, O. and Gurnis, M. and Stadler, G. and Tan, E. and Tu, T. and Wilcox, L.C. and Zhong, S.},
  booktitle    = {Proceedings of the 2008 ACM/IEEE conference on Supercomputing},
  pages        = {62},
  year         = {2008},
  organization = {IEEE Press},
}

@inproceedings{carcangiu-2007,
  title     = {{CFD--RANS analysis of the rotational effects on the boundary layer of wind turbine blades}},
  author    = {Carcangiu, C.E. and S{\o}rensen, J.N. and Cambuli, F. and Mandas, N.},
  booktitle = {Journal of Physics: Conference Series},
  volume    = {75},
  pages     = {012031},
  year      = {2007},
  publisher = {Institute of Physics Publishing},
  DOI       = {10.1088/1742-6596/75/1/012031}
}

@inproceedings{gottschling-2007,
   title     = {{Representation-transparent Matrix Algorithms with Scalable Performance}},
   author    = {Gottschling, P. and Wise, D.S. and Adams, M.D.},
   booktitle = {Proceedings of the $21^{st}$ Annual International Conference on Supercomputing},
   publisher = {ACM},
   series    = {ICS'07},
   year      = {2007},
   month     = {June 18},
   pages     = {116--125},
   address   = {Seattle, Washington, USA},
   DOI       = {10.1145/1274971.1274989},
   acmid     = {1274989},
   ISBN      = {978-1-59593-768-1},
   URL       = {http://DOI.acm.org/10.1145/1274971.1274989},
}

@inproceedings{jimenez-2007,
  title     = {{Advances in large-eddy simulation of a wind turbine wake}},
  author    = {Jim\'enez, A. and Crespo, A. and Migoya, E. and Garc\'ia, J.},
  booktitle = {Journal of Physics: Conference Series},
  volume    = {75},
  pages     = {012041},
  year      = {2007},
  publisher = {Institute of Physics Publishing},
  DOI       = {10.1088/1742-6596/75/1/012041}
}

@inproceedings{laursen-2007,
  title     = {{3D CFD quantification of the performance of a multi-megawatt wind turbine}},
  author    = {Laursen, J. and Enevoldsen, P. and Hjort, S.},
  booktitle = {Journal of Physics: Conference Series},
  volume    = {75},
  pages     = {012007},
  year      = {2007},
  publisher = {Institute of Physics Publishing},
  DOI       = {10.1088/1742-6596/75/1/012007}
}

@inproceedings{snel-2007,
  title        = {{The MEXICO project (Model Experiments in Controlled Conditions): the database and first results of data processing and interpretation}},
  author       = {Snel, H. and Schepers, J.G. and Montgomerie, B.},
  booktitle    = {Journal of Physics: Conference Series},
  volume       = {75},
  pages        = {012014},
  year         = {2007},
  organization = {IOP Publishing}
}

@inproceedings{maki-2007,
 author    = {Maki, L. and Doctors, L. and Rhee, S. and Wilson, W. and Beck, R. and Troesch, A.},
 title     = {{Resistance Prediction for a High-Speed Sealift Trimaran}\index{Maki, L.}\index{Doctors, L.}\index{Rhee, S.}\index{Wilson, W.}\index{Beck, R.}\index{Troesch, A.}},
 year      = {2007},
 month     = {August},
 booktitle = {$9^{th}$ International Conference on Numerical Ship Hydrodynamics},
 address   = {Ann Arbor, Michigan, USA}
}

@inproceedings{eca-2007,
  author    = {E{\c{c}}a, L. and Hoekstra, M.},
  title     = {{Discretization Uncertainty Estimation based on a Least Squares version of the Grid Convergence Index}\index{E{\c{c}}a, L.}\index{Hoekstra, M.}},
  year      = {2007},
  month     = {October},
  booktitle = {$2^{nd}$ Workshop on CFD Uncertainty Analysis},
  address   = {Lisbon, Portugal}
}

@inproceedings{gonzalez-2007,
  title        = {{Unsteady modelling of the oscillating S809 aerofoil and NREL phase VI parked blade using the Beddoes-Leishman dynamic stall model}},
  author       = {Gonzalez, Alvaro and Munduate, Xabier},
  booktitle    = {Journal of Physics: Conference Series},
  volume       = {75},
  number       = {1},
  pages        = {012020},
  year         = {2007},
  organization = {IOP Publishing},
  DOI          = {10.1088/1742-6596/75/1/012020},
  URL          = {http://iopscience.iop.org/1742-6596/75/1/012020},
}

@inproceedings{muscari-2006,
  title        = {{An overlapping grids approach for moving bodies problems}\index{Muscari, R.}\index{Broglia, R.}\index{Di Mascio, A.}},
  author       = {Muscari, R. and Broglia, R. and Di Mascio, A.},
  booktitle    = {$16^{th}$ International Offshore and Offshore and Polar Engineering Conference Proceedings},
  address      = {San Francisco, California, USA},
  year         = {2006},
  month        = {May 28-June 2},
  organization = {ISOPE The International Society of Offshore and Polar Engineers, Cupertino, CA, 95015-0189, USA},
  pages        = {243--248},
  ISBN         = {1880653664},
  ISSN         = {1098-6189},
}

@inproceedings{muscari-2006-omae,
  title        = {{Numerical Simulation of the Flow Around Free-Surface Piercing Bodies in Waves by an Overlapping Grids Approach}},
  author       = {Muscari, R. and Di Mascio, A. and Broglia, R.},
  year         = {2006},
  organization = {ASME},
  booktitle    = {$25^{th}$ International Conference on Offshore Mechanics and Arctic Engineering, OMAE 2006},
  month        = {June},
  address      = {Hamburg, Germany},
  pages        = {10},
  ISBN         = {0791837777, 978-079183777-1}
}

@inproceedings{muscari-2005,
  author    = {Muscari, R. and Di Mascio, A.},
  title     = {{Simulation of the flow around complex hull geometries by an overlapping grid approach}\index{Muscari, R.}\index{Di Mascio, A.}},
  year      = {2005},
  booktitle = {$5^{th}$ Osaka Colloquium on advanced research on ship viscous flow and hull form design by EFD and CFD approaches},
  address   = {Osaka, Japan},
  pages     = {10},
}

@inproceedings{colicchio-2005,
  author    = {Colicchio, G. and Colagrossi, A. and Lugni, C. and Faltinsen, O.M.},
  title     = {{Experimental and Numerical Investigation of a Trimaran in Calm Water}\index{Colicchio, G.}\index{Colagrossi, A.}\index{Lugni, C.}\index{Faltinsen, O.M.}},
  year      = {2005},
  month     = {June},
  booktitle = {$8^{th}$ International Conference on Fast and Sea Transportation, FAST 2005},
  address   = {St. Petersburg, Russia}
}

@inproceedings{fiedler-2005-jpc,
  author       = {Robert Fiedler and A. Haselbacher and {Brietenfeld, M.S.} and P. Alexander and L. Massa and {Ross, W.C.}},
  title        = {{3D Simulations of Ignition Transient in the RSRM}\index{Fiedler, R.}\index{Haselbacher, A.}\index{Brietenfeld, M.S.}\index{Alexander, P.}\index{Massa, L.}\index{Ross, W.C.}},
  year         = {2005},
  month        = {July},
  organization = {AIAA Paper 2005-3993},
  note         = {$41^{st}$ Joint Propulsion Conference, Tucson, Arizona}
}

@inproceedings{brandyberry-2005-jpc,
  author       = {Mark Brandyberry and Robert Fiedler and Courtlan McLay},
  title        = {{Verification and Validation of the Rocstar 3D Multi-physics Solid Rocket Motor Simulation Program}\index{Brandyberry, M.}\index{Fiedler, R.}\index{McLay, C.}},
  year         = {2005},
  month        = {July},
  organization = {AIAA Paper 2005-3992},
  note         = {$41^{st}$ Joint Propulsion Conference, Tucson, Arizona}
}

@inproceedings{liu-2005,
  title     = {Direct numerical simulation on hydrogen fuel jetting from high pressure tank},
  author    = {Liu, Y.F. and Tsuboi, N. and Sato, H. and Higashino, F. and Hayashi, A.K. and Gakuin, A.},
  booktitle = {Proc. of the 20th International Colloquium on the Dynamics of Explosions and Reacting Systems, Montreal, Canada},
  volume    = {31},
  year      = {2005}
}

@inproceedings{wasistho-2005-jpc,
  author       = {Bono Wasistho and Robert Fiedler and Alireza Namazifard and Mark Brandyberry},
  title        = {{3D Coupled Simulations of Flexible Inhibitors in the RSRM}\index{Wasistho, B.}\index{Fiedler, R.}\index{Namazifard, A.}\index{Brandyberry, M.}},
  year         = {2005},
  month        = {July},
  organization = {AIAA Paper 2005-3996},
  note         = {$41^{st}$ Joint Propulsion Conference, Tucson, Arizona}
}

@inproceedings{dick-2005-jpc,
  author       = {William Dick and Micheal Heath and Robert Fiedler and Mark Brandyberry},
  title        = {{Adavanced Simulation of Solid Propellant Rockets from First Principles}\index{Dick, W}\index{Heath, M.}\index{Fiedler, R.}\index{Brandyberry, M.}},
  year         = {2005},
  month        = {July},
  organization = {AIAA Paper 2005-3990},
  note         = {$41^{st}$ Joint Propulsion Conference, Tucson, Arizona},
}

@inproceedings{beedy-2004,
  title     = {{Using CFD to Improve Simple Aerodynamic Models for Rotor Codes}},
  author    = {Beedy, J. and Barakos, G.N. and Badcock, K.J. and Richards, B.E.},
  booktitle = {Proceedings of the AHS $4^{th}$ Decennial Specialist’s Conference on Aeromechanics},
  publisher = {American Helicopter Society International},
  address   = {San Francisco, California, USA},
  month     = {January 21-23},
  year      = {2004},
  pages     = {1},
}

@inproceedings{gabriel-2004,
 title     = {{The Opie Compiler from Row-major Source to Morton-ordered Matrices}},
 author    = {Gabriel, S.T. and Wise, D.S.},
 booktitle = {Proceedings of the $3^{rd}$ Workshop on Memory Performance Issues: in conjunction with the $31^{st}$ International Symposium on Computer Architecture},
 publisher = {ACM},
 address   = {Munich, Germany},
 series    = {WMPI '04},
 year      = {2004},
 pages     = {136--144},
 DOI       = {10.1145/1054943.1054962},
 acmid     = {1054962},
 ISBN      = {1-59593-040-X},
 URL       = {http://DOI.acm.org/10.1145/1054943.1054962},
}

@inproceedings{lugni-2004,
 author    = {Lugni, C. and Colagrossi, A. and Landrini, M. and Faltinsen, O.M.},
 title     = {{Experimental and Numerical Study of Semi-displacement Mono-hull and Catamaran in calm water and incident waves}\index{Lugni, C.}\index{Colagrossi, A.}\index{Landrini, M.}\index{Faltinsen, O.M.}},
 year      = {2004},
 month     = {August},
 booktitle = {$25^{th}$ Symposium on Naval Hydrodynamics, St. John's, Canada}
}

@inproceedings{armstrong-2003,
  author    = {Armstrong, T.},
  title     = {{The Effect of Demihull Separation on the Frictional Resistance of Catamarans}\index{Armstrong, T.}},
  booktitle = {$7^{th}$ International Conference on Fast and Sea Transportation, FAST 2003},
  year      = {2003},
  month     = {October},
  address   = {Ischia, Italy}
}

@inproceedings{dimascio-2003,
  title     = {{A Level Set Approach for Naval Applications}},
  author    = {Di Mascio, A. and Muscari, R. and Broglia, R.},
  booktitle = {Thirteenth (2003) International Offshore and Polar Engineering Conference, ISOPE-2003},
  pages     = {1565--1571},
  year      = {2003},
  month     = {May},
  address   = {Honolulu, Hawaii (USA)},
}

@inproceedings{doctors-2003-fast,
 author    = {Doctors, L. and Scrace, R.},
 title     = {{The Optimization of Trimaran Sidehull Position for Minimum Resistance}\index{Doctors, L.}\index{Scrace, R.}},
 year      = {2003},
 month     = {October},
 booktitle = {$7^{th}$ International Conference on Fast and Sea Transportation, FAST 2003},
 address   = {Ischia, Italy}
}

@inproceedings{favini-2002-wcp,
  author    = {Favini, Bernardo and Di Giacinto, Maurizio and Serraglia, Ferruccio},
  title     = {{Solid Rocket Motor Ignition Transient Revisited}\index{Favini, B.}\index{Di Giacinto, M.}\index{Serraglia, F.}},
  booktitle = {$8^{th}$ Int. Workshop on Combustion and Propulsion},
  year      = {2002},
  month     = {June},
  address   = {Pozzuoli, Italy}
}

@inproceedings{zaraphonitis-2001,
  title     = {{Numerical and experimental study on the wave resistance of fast displacement asymmetric catamarans}\index{Zaraphonitis, G.}\index{Spanos, D.}\index{Papanikolau, A.}},
  author    = {Zaraphonitis, G. and Spanos, D. and Papanikolau, A.},
  booktitle = {$2^{nd}$ International Euroconference on High-Performance Marine Vehicles, HIPER’01},
  address   = {Hamburg, Germany},
  month     = {May},
  year      = {2001}
}

@inproceedings{eberhart-2001,
  title        = {{Particle swarm optimization: developments, applications and resources}\index{Eberhart, R.C.}\index{Shi, Y.}},
  author       = {Eberhart, R.C. and Shi, Y.},
  booktitle    = {Proceedings of the 2001 congress on evolutionary computation},
  volume       = {1},
  pages        = {81--86},
  year         = {2001},
  organization = {Piscataway, NJ, USA: IEEE}
}

@inproceedings{salita-2001-jpc,
  author       = {Mark Salita},
  title        = {{Modern SRM Ignition Transient Modeling (Part1): Introduction and Physical Models}\index{Salita, M.}},
  year         = {2001},
  organization = {AIAA Paper 2001-3443},
  volume       = {3443},
  month        = {July},
  note         = {$37^{th}$ Joint Propulsion Conference, Salt Lake City, UT},
}

@inproceedings{dimascio-2001,
  title     = {{A second order Godunov-type scheme for naval hydrodynamics}\index{Di Mascio, A.}\index{Broglia, R.}\index{Favini, B.}},
  author    = {Di Mascio, A. and Broglia, R. and Favini, B.},
  booktitle = {Godunov Methods: Theory and Applications},
  pages     = {253--261},
  volume    = {26},
  year      = {2001},
  publisher = {Kluwer Academic/Plenum Publishers}
}

@inproceedings{eberhart-2000,
  title        = {{Comparing inertia weights and constriction factors in particle swarm optimization}\index{Eberhart, R.C.}\index{Shi, Y.}},
  author       = {Eberhart, R.C. and Shi, Y.},
  booktitle    = {Proceedings of the 2000 congress on evolutionary computation},
  volume       = {1},
  number       = {2},
  pages        = {84--88},
  year         = {2000},
  organization = {Piscataway, NJ, USA: IEEE}
}

@inproceedings{clerc-1999,
  title     = {{The swarm and the queen: towards a deterministic and adaptiveparticle swarm optimization}\index{Clerc, M.}},
  author    = {Clerc, M.},
  booktitle = {Evolutionary Computation, 1999. CEC 99. Proceedings of the 1999 Congress on},
  volume    = {3},
  year      = {1999}
}

@inproceedings{spalart-1997,
  author       = {Spalart, P.R. and Jou, W.H. and Allmaras, S.R.},
  title        = {{Comments on the feasibility of LES for wings, and on a hybrid RANS/LES approach}},
  booktitle    = {Advances in DNS/LES},
  year         = {1997},
  month        = {August 4--8},
  pages        = {137--47},
  editor       = {Greyden Press},
  address      = {Louisiana Tech University, Ruston, Louisiana, USA},
  organization = {First AFOSR International Conference on DNS/LES}
}

@inproceedings{oosterom-1996,
  title     = {The spatial location code},
  author    = {van Oosterom, P. and Vijlbrief, T.},
  booktitle = {$7^{th}$ International Symposium on Spatial Data Handling},
  year      = {1996},
  address   = {Delft, The Netherlands},
  month     = {August},
}

@inproceedings{belk-1995,
  title     = {{The role of overset grids in the development of the general purpose CFD code}},
  author    = {Belk, D.M.},
  booktitle = {Surface Modeling, Grid Generation, and Related Issues in Computational Fluid Dynamic (CFD) Solutions},
  volume    = {1},
  pages     = {193--204},
  year      = {1995}
}

@inproceedings{eberhart-1995,
  title     = {{A new optimizer using particle swarm theory}\index{Eberhart, R.C.}\index{Kennedy, J.}},
  author    = {Eberhart, R.C. and Kennedy, J.},
  booktitle = {Proceedings Sixth Symposium on Micro Machine and Human Science},
  pages     = {39--43},
  year      = {1995},
}

@inproceedings{kennedy-1995,
  title     = {{Particle swarm optimization}\index{Kennedy, J.}\index{Eberhart, R.C.}},
  author    = {Kennedy, J. and Eberhart, R.C.},
  booktitle = {IEEE International Conference on Neural Networks, 1995. Proceedings.},
  volume    = {4},
  year      = {1995},
}

@inproceedings{berger-inp-1989,
  title     = {{An adaptive Cartesian mesh Algorithm for the Euler Equations in Arbitrary Geometries}},
  author    = {Berger, M.J. and Leveque, R.J.},
  booktitle = {$9^{th}$ AIAA Computational Fluid Dynamics Conference, Buffalo, New York},
  month     = {June 13-15},
  year      = {1989},
}

@inproceedings{benek-1987,
  title        = {{Extended chimera grid embedding scheme with application to viscous flows}},
  author       = {Benek, JA and Donegan, TL and Suhs, NE},
  booktitle    = {AIAA $8^{th}$ Computational Fluid Dynamics Conference},
  year         = {1987},
  month        = {June},
  pages        = {283--291},
  address      = {Honolulu, Hawaii (USA)},
  organization = {American Institute of Aeronautics and Astronautics},
}

@inproceedings{merkle-1987,
  title        = {{Time-accurate unsteady incompressible flow algorithms based on artificial compressibility}},
  author       = {Merkle, C. and Athavale, M.},
  booktitle    = {AIAA $8^th$ Computational Fluid Dynamics Conference},
  year         = {1987},
  pages        = {397--407},
  address      = {Honolulu, Hawaii (USA)},
  organization = {American Institute of Aeronautics and Astronautics},
}

@inproceedings{benek-1983,
  title        = {{A flexible grid embedding technique with application to the Euler equations}},
  author       = {Benek, JA and Steger, JL and Dougherty, FC},
  booktitle    = {AIAA $6^{th}$ Computational Fluid Dynamics Conference},
  address      = {Danvers, MA},
  pages        = {373--382},
  year         = {1983},
  month        = {July},
  organization = {American Institute of Aeronautics and Astronautics},
}

@inproceedings{steger-1983,
  title     = {{A Chimera grid scheme}},
  author    = {Steger, J.L. and Dougherty, FC and Benek, JA},
  booktitle = {Applied Mechanics, Bioengineering, and Fluids Engineering Conference},
  address   = {Houston, Texas},
  pages     = {59--69},
  year      = {1983},
  month     = {June},
  publisher = {American Society of Mechanical Engineers, New York},
  note      = {Advances in grid generation},
}

@inproceedings{litwin-1980,
  title        = {{Linear hashing: A new tool for file and table addressing}},
  author       = {Litwin, W.},
  booktitle    = {Proceedings of the Sixth International Conference on Very Large Data Bases},
  organization = {IEEE Computer Society},
  volume       = {6},
  pages        = {212--223},
  year         = {1980},
  month        = {October},
}

@inproceedings{morton-1966,
  title     = {{A Computer Oriented Geodetic Data Base and a New Technique in File Sequencing}},
  author    = {G. M. Morton},
  booktitle = {IBM Germany Scientific Symposium Series},
  publisher = {International Business Machines Company},
  year      = {1966},
}

@inproceedings{backus-1957,
 author    = {Backus, J. W. and Beeber, R. J. and Best, S. and Goldberg, R. and Haibt, L. M. and Herrick, H. L. and Nelson, R. A. and Sayre, D. and Sheridan, P. B. and Stern, H. and Ziller, I. and Hughes, R. A. and Nutt, R.},
 title     = {{The FORTRAN automatic coding system}},
 booktitle = {Papers presented at the February 26-28, 1957, western joint computer conference: Techniques for reliability},
 series    = {IRE-AIEE-ACM '57 (Western)},
 year      = {1957},
 pages     = {188--198},
 publisher = {ACM},
 address   = {New York, NY, USA},
 URL       = {http://DOI.acm.org/10.1145/1455567.1455599},
 DOI       = {10.1145/1455567.1455599},
 acmid     = {1455599},
}

@inproceedings{rayleigh-1883,
  author    = {{John Strutt, $3^{rd}$ Baron Rayleigh}},
  title     = {{Investigation of the Character of the Equilibrium of an Incompressible Heavy Fluid of Variable Density}\index{John Strutt, $3^{rd}$ Baron Rayleigh}},
  booktitle = {Proceedings of the London Mathematical Society},
  pages     = {170--177},
  year      = {1883},
  volume    = {14},
  number    = {1}
}

%----------------------------------------------------------------------------------------------------------------------------------
% inbook (A part of a book, usually untitled)
% needed fields: author/editor, title, chapter/pages, publisher, year
% optional fields: volume/number, series, type, address, edition, month, note, key

@inbook{ekaterinaris-1997,
	title     = {{Numerical investigation of airfoil dynamic stall in simultaneous harmonic oscillatory and translatory motion}},
	author    = {Ekaterinaris, John and Sorensen, Niels and Rasmussen, Flemming and Ekaterinaris, John and Sorensen, Niels and Rasmussen, Flemming},
	series    = {$35^{th}$ Aerospace Sciences Meeting and Exhibit},
	pages     = {615},
	month     = {January},
	publisher = {American Institute of Aeronautics and Astronautics},
	series    = {Aerospace Sciences Meetings},
	year      = {1997},
	doi       = {10.2514/6.1997-615},
}

%----------------------------------------------------------------------------------------------------------------------------------
% incollection (a part of a book having its own title)
% needed fields: author, title, booktitle, publisher, year
% optional fields: editor, volume/number, series, type, chapter, pages, address, edition, month, note, key

@incollection{roller-2012,
  title     = {{An Adaptable Simulation Framework Based on a Linearized Octree}},
  author    = {Roller, S. and Bernsdorf, J. and Klimach, H. and Hasert, M. and Harlacher, D. and Cakircali, M. and Zimny, S. and Masilamani, K. and Didinger, L. and Zudrop, J.},
  booktitle = {High Performance Computing on Vector Systems 2011},
  publisher = {Springer Berlin Heidelberg},
  editor    = {Resch, Michael and Wang, Xin and Bez, Wolfgang and Focht, Erich and Kobayashi, Hiroaki and Roller, Sabine},
  year      = {2012},
  pages     = {93--105},
  DOI       = {10.1007/978-3-642-22244-3_7},
  URL       = {http://dx.DOI.org/10.1007/978-3-642-22244-3_7},
  ISBN      = {978-3-642-22243-6},
}

@incollection{gothenburg-2010,
  author    = {Larsson, Lars and Stern, Frederick and Visonneau, Michel},
  title     = {{CFD in Ship Hydrodynamics-Results of the Gothenburg 2010 Workshop}},
  booktitle = {{MARINE 2011, IV International Conference on Computational Methods in Marine Engineering}},
  publisher = {Springer Netherlands},
  year      = {2013},
  volume    = {29},
  pages     = {237-259},
  series    = {Computational Methods in Applied Sciences},
  editor    = {Eça, Luís and Oñate, Eugenio and García-Espinosa, Julio and Kvamsdal, Trond and Bergan, Pål},
  isbn      = {978-94-007-6142-1},
  doi       = {10.1007/978-94-007-6143-8_14},
  url       = {http://dx.doi.org/10.1007/978-94-007-6143-8_14},
}

@incollection{wise-2000,
  title     = {{Ahnentafel Indexing into Morton-Ordered Arrays, or Matrix Locality for Free}},
  author    = {Wise, D.S.},
  booktitle = {Euro-Par 2000 Parallel Processing},
  publisher = {Springer Berlin Heidelberg},
  editor    = {Bode, Arndt and Ludwig, Thomas and Karl, Wolfgang and Wism\"{u}ller, Roland},
  year      = {2000},
  volume    = {1900},
  pages     = {774--783},
  series    = {Lecture Notes in Computer Science},
  DOI       = {10.1007/3-540-44520-X_108},
  ISBN      = {978-3-540-67956-1},
  URL       = {http://dx.DOI.org/10.1007/3-540-44520-X_108},
}

@incollection{morino-1992,
	title     = {{Boundary Integral Equation Methods for Aerodynamics}},
	author    = {Morino, L. and Gennaretti, M.},
	booktitle = {Computational Nonlinear Mechanics in Aerospace Engineering},
	publisher = {American Institute of Aeronautics and Astronautics},
	year      = {1992},
	series    = {{Progress in Astronautics and Aeronautics}},
	month     = {January},
	pages     = {279--320},
	chapter   = {8},
	DOI       = {10.2514/5.9781600866180.0279.0320},
	ISBN      = {978-1-56347-044-8},
}

@incollection{hess-1986,
  title     = {Review of the source panel technique for flow computation},
  author    = {Hess, J. L.},
	booktitle = {Innovative numerical methods in engineering},
	publisher = {Berlin/Heidelberg: Springer-Verlag},
  year      = {1986},
	editor    = {Shaw, R. P. and Periaux, J. and Chaudouet, A. and Wu, J. and Marino, C. and  Brebbia, C. A.},
  pages     = {197--210},
}

@incollection{torricelli-1644,
  title     = {{De motu gravium naturaliter descendentium, et proiectorum}},
  booktitle = {{Opera Geometrica}},
  author    = {Torricelli, E.},
  year      = {1644},
  publisher = {typis A. Masse \& L. de Landis},
  address   = {Florenti\ae},
  pages     = {101--232},
}

%----------------------------------------------------------------------------------------------------------------------------------
% conference (same as inproceedings, necessary for backward compatibility)
% needed fields:   author, title, booktitle, year
% optional fields: editor, pages, organization, publisher, address, month, note, key

@conference{broglia-2011-avt,
  title     = {{Prediction of Maneuvering Properties for a Tanker Model by Computational Fluid Dynamics}},
  author    = {Broglia, R. and Dubbioso, G. and Di Mascio, A.},
  booktitle = {Specialists Meeting on "Assessment of Stability and Control Prediction Methods for NATO Air and Sea Vehicles" (AVT-189), UK},
  pages     = {10},
  year      = {2011}
}

@conference{visonneau-2011,
  author    = {Wackers, J. and Deng, G. and Visonneau, M.},
  title     = {{Anisotropic mesh refinement in ship flow simulation with free surface}},
  year      = {2011},
  pages     = {10},
  booktitle = {Marine 2011, IV International Conference on Computational Methods in Marine Engineering, Lisbon, Portugal},
}

@conference{wilson-2010,
  title     = {{A Parallel Universal Mesh Deformation Scheme for Hydrodynamic Applications}},
  author    = {Ji, L. and Sreenivas, K. and Hyams, D.G. and Wilson, R.V.},
  booktitle = {$28^{th}$ Symposium on Naval Hydrodynamics, Pasadena, USA},
  pages     = {10},
  year      = {2010}
}

@conference{ismail-2009,
  title        = {{A Proposed Cure to the Carbuncle Phenomenon}\index{Ismail, F.}\index{Roe, P.L.}\index{Nishikawa, H.}},
  author       = {Ismail, F. and Roe, P.L. and Nishikawa, H.},
  booktitle    = {Computational Fluid Dynamics 2006: Proceedings of the Fourth International Conference on Computational Fluid Dynamics, ICCFD, Ghent, Belgium, 10-14 July 2006},
  pages        = {149},
  year         = {2009},
  organization = {Springer Verlag}
}

@conference{zaghi-2009-jpc,
  author       = {Zaghi, S. and Favini, B. and Attili, A. and Di Giacinto, M. and Serraglia, F.},
  title        = {{Comparison Between Different Pressurant Gases for Ignition Transient of P80 SRM}\index{Zaghi, S.}\index{Favini, B.}\index{Attili, A.}\index{Di Giacinto, M.}\index{Serraglia, F.}},
  year         = {2009},
  month        = {August},
  organization = {AIAA},
  booktitle    = {$45^{th}$ AIAA/ASME/SAE/ASEE Joint Propulsion Conference, Denver, Colorado, AIAA-2009-4980},
}

@conference{aviospy,
  author = {{Avio Group} and {ESA Vega IPT}},
  title  = {{Privite Comunications}},
  year   = {2008},
}

@conference{creta-2008-jpc,
  author       = {Creta, Francesco and Attili, Antonio and Favini, Bernardo and Di Giacinto, Maurizio},
  title        = {{Two Approaches for Condensed-phase Modeling in Solid Rocket Motor Flows}\index{Creta, F.}\index{Attili, A.}\index{Favini, B.}\index{Di Giacinto, M.}},
  year         = {2008},
  month        = {July},
  organization = {AIAA},
  booktitle    = {$44^{th}$ AIAA/ASME/SAE/ASEE Joint Propulsion Conference, Hartford, Connecticut, AIAA 2008-4789},
}

@conference{favini-2008-jpc,
  author       = {Favini, Bernardo and Cavallini, Enrico and Di Giacinto, Maurizio and  Serraglia, Ferruccio},
  title        = {{An Ignition-to-Burn Out Analysis of SRM Internal Ballistic and Performances}\index{Favini, B.}\index{Cavallini, E.}\index{Di Giacinto, M.}\index{Serraglia, F.}},
  year         = {2008},
  month        = {July},
  organization = {AIAA},
  booktitle    = {$44^{th}$ AIAA/ASME/SAE/ASEE Joint Propulsion Conference, Hartford, Connecticut, AIAA 2005-4165},
}

@conference{zaghi-2008-jpc,
  author       = {Zaghi, S. and Favini, B. and Di Giacinto, M. and Serraglia, F.},
  title        = {{3D Simulations of pre-Ignition Transient of P80 SRM}\index{Zaghi, S.}\index{Favini, B.}\index{Di Giacinto, M.}\index{Serraglia, F.}},
  year         = {2008},
  month        = {July},
  organization = {AIAA},
  booktitle    = {$44^{th}$ AIAA/ASME/SAE/ASEE Joint Propulsion Conference, Hartford, Connecticut, AIAA-2008-4606},
}

@conference{cavallini-2008-sp,
  author    = {Cavallini, Enrico and Di Giacinto, Maurizio and Favini, Bernardo and Serraglia, Ferruccio},
  title     = {{An Ignition-To-Burn Out Analysis of Solid Rocket Motors Internal Ballistic}\index{Cavallini, E.}\index{Di Giacinto, M.}\index{Favini, B.}\index{Serraglia, F.}},
  year      = {2008},
  month     = {May},
  booktitle = {$2^{nd}$ International Symposium on Propulsion for Space Transportation, Heraklion, Creta},
}

@conference{creta-2008-sp,
  author    = {Creta, Francesco and Attili, Antonio and Di Giacinto, Maurizio and Favini, Bernardo},
  title     = {{Population Balance Approach for Condensed-phase Modeling in Solid Rocket Motor Flows}\index{Creta, F.}\index{Attili, A.}\index{Di Giacinto, M.}\index{Favini, B.}},
  year      = {2008},
  month     = {May},
  booktitle = {$2^{nd}$ International Symposium on Propulsion for Space Transportation, Heraklion, Creta},
}

@conference{zaghi-2008-sp,
  author    = {Zaghi, S. and Favini, B. and Di Giacinto, M. and Serraglia, F.},
  title     = {{Ignition Transient of Vega's Solid Rocket Motors}\index{Zaghi, S.}\index{Favini, B.}\index{Di Giacinto, M.}\index{Serraglia, F.}},
  year      = {2008},
  month     = {May},
  booktitle = {$2^{nd}$ International Symposium on Propulsion for Space Transportation, Heraklion, Creta},
}

@conference{attili-2007-eucass,
  author       = {Attili, Antonio and Favini, Bernardo  and Di Giacinto, Maurizio and Serraglia, Ferruccio},
  title        = {{Analysis of Ignition Transient of VEGA Launcher Motors}\index{Attili, A.}\index{Favini, B.}\index{Di Giacinto, M.}\index{Serraglia, F.}},
  year         = {2007},
  month        = {July},
  organization = {EUCASS},
  booktitle    = {$2^{nd}$ European Conference for Aerospace Sciences, Brussels, Belgium},
}

@conference{broglia-2007,
  author    = {Broglia, R. and Di Mascio, A. and Amati, G.},
  title     = {{A Parallel Unsteady RANS Code for the Numerical Simulations of Free Surface Flows}\index{Broglia, R.}\index{Di Mascio, A.}\index{Amati, G.}},
  year      = {2007},
  booktitle = {$2^{nd}$ International Conference on Marine Research and Trasportation, Ischia, Naples, Italy},
  month     = {June},
  address   = {Ischia, Italy},
  pages     = {--}
}

@conference{favini-2007-jpc,
  author       = {Favini, B. and Zaghi, S. and Di Giacinto, M. and Serraglia, F.},
  title        = {{A Fully Three Dimensional Analysis of Pre-Ignition Transient in Solid Rocket Motors}\index{Favini, B.}\index{Zaghi, S.}\index{Di Giacinto, M.}\index{Serraglia, F.}},
  year         = {2007},
  month        = {July},
  organization = {AIAA},
  doi          = {doi:10.2514/6.2007-5781},
  url          = {http://dx.doi.org/10.2514/6.2007-5781},
  booktitle    = {$43^{rd}$ AIAA/ASME/SAE/ASEE Joint Propulsion Conference, Cincinnati, Ohio, AIAA 2007-5781},
}

@conference{digiacinto-2007-jpc,
  author       = {Di Giacinto, Maurizio and Favini, Bernardo and Attili, Antonio and Serraglia, Ferruccio and Scoccimarro, Dario and Di Trapani, Claudia},
  title        = {{Internal Ballistics and Dynamics of VEGA Launcher Solid Rocket Motors During Ignition Transient: Firing Test Predictions and Post Firing Analysis}\index{Di Giacinto, M.}\index{Favini, B.}\index{Attili, A.}\index{Serraglia, F.}\index{Scoccimarro, D.}\index{Di Trapani, C.}},
  year         = {2007},
  month        = {July},
  organization = {AIAA},
  booktitle    = {$43^{rd}$ AIAA/ASME/SAE/ASEE Joint Propulsion Conference, Cincinnati, Ohio, AIAA 2007-5814},
}

@conference{favini-2006-jpc,
  author       = {Favini, B. and Zaghi, S. and Serraglia, F. and Di Giacinto, M.},
  title        = {{3D Numerical Simulation of Ignition Transient in SRM}\index{Favini, B.}\index{Zaghi, S.}\index{Serraglia, F.}\index{Di Giacinto, M.}},
  year         = {2006},
  month        = {July},
  organization = {AIAA},
  url          = {http://dx.doi.org/10.2514/6.2006-4953},
  doi          = {doi:10.2514/6.2006-4953},
  booktitle    = {$42^{nd}$ AIAA/ASME/SAE/ASEE Joint Propulsion Conference, Sacramento, California, AIAA 2006-4953},
}

@conference{favini-digiacinto-2006-jpc,
  author       = {Favini, Bernardo and Di Giacinto, Maurizio and Attili, Antonio and Scoccimarro, Dario and Biagioni, M. and De Amicis, Roberto and Neri, Agostino and Bellomi, P. and Bianchi, Stefano and Serraglia, Ferruccio and Bonnet, M.},
  title        = {{Ignition Transient Induced Loads Control Strategy for VEGA Launcher's Solid Rocket Motors: the \virgo{Zefiro9} Static Firing Test Predictions and Post Firing Analysis. Zefiro9 Static Firing Test Predictions and Post-firing Analysis}\index{Favini, B.}\index{Di Giacinto, M.}\index{Attili, A.}\index{Serraglia, F.}\index{Scoccimarro, D.}\index{Biagioni, M.}\index{De Amicis, R.}\index{Neri, A.}\index{Bellomi, P.}\index{Bianchi, S.}\index{Serraglia, F.}\index{Bonnet, M.}},
  year         = {2006},
  month        = {July},
  organization = {AIAA},
  booktitle    = {$42^{nd}$ AIAA/ASME/SAE/ASEE Joint Propulsion Conference, Sacramento, California},
}

@conference{zaghi-2006-pegasus,
  author       = {Zaghi, S.},
  title        = {{Multidimensional Analysis of Pre-Ignition Transient in Solid Rocket Motor}\index{Zaghi, S.}},
  year         = {2006},
  month        = {April},
  organization = {AIAA},
  booktitle    = {Pegasus-AIAA Conference, Munich, Germany},
}

@conference{miller-2006,
  title     = {{Resistance predictions of high speed Mono and Multihull ships with and without water jet propulsors using URANS}\index{Miller, R.}\index{Gorski, J.}\index{Xing, T.}\index{Carrica, P.}\index{Stern, F.}},
  author    = {Miller, R. and Gorski, J. and Xing, T. and Carrica, P. and Stern, F.},
  booktitle = {$26^{th}$ Symposium on Naval Hydrodynamics, Rome, Italy},
  year      = {2006}
}

@conference{campana-2006,
  title     = {{Simulation-Based Design of Fast Multihull Ships}},
  author    = {Campana, E. and Peri, D. and Tahara, Y. and Kandasamy, M. and Stern, F. and Cary, C. and Hoffman, R. and Gorski, J. and Kennell, C.},
  booktitle = {$26^{th}$ Symposium on Naval Hydrodynamics, Rome, Italy},
  year      = {2006}
}

@conference{pinto-2006,
  title     = {{RANS Analysis of the Interference Effect in Catamarans}\index{Pinto, A.}\index{Broglia, R.}\index{Campana, E.F.}\index{Di Mascio, A.}\index{Peri, D.}},
  author    = {Pinto, A. and Broglia, R. and Campana, E.F. and Di Mascio, A. and Peri, D.},
  booktitle = {$9^{th}$ Numerical Towing Tank Symposium (NuTTS), Le Croisic, France},
  year      = {2006}
}

@conference{favini-2005-jpc,
  author       = {Favini, Bernardo and Di Giacinto, Maurizio and Serraglia, Ferruccio},
  title        = {{Ignition Transient Pressure Oscillations in Solid Rocket Motors}\index{Favini, B.}\index{Di Giacinto, M.}\index{Serraglia, F.}},
  year         = {2005},
  month        = {July},
  organization = {AIAA},
  booktitle    = {$41^{st}$ AIAA/ASME/SAE/ASEE Joint Propulsion Conference, Tucson, Arizona, AIAA 2005-4165},
}

@conference{favini-2005-eucass,
  author       = {Favini, Bernardo and Serraglia, Ferruccio and Di Giacinto, Maurizio and Neri, Agostino},
  title        = {{Pressuring Gas Effects on Pressure Oscillations during the Ignition Transient of SRM}\index{Favini, B.}\index{Serraglia, F.}\index{Di Giacinto, M.}\index{Neri, A.}},
  year         = {2005},
  month        = {July},
  organization = {EUCASS},
  booktitle    = {$1^{st}$ European Conference for Aerospace Sciences, Moscow},
}

@conference{serraglia-2004-esa,
  author       = {Serraglia, Ferruccio and Favini, Bernardo and Di Giacinto, Maurizio and Neri, Agostino},
  title        = {{Gas Dynamic Features in Solid Rocket Motors with Finocyl Grain during Ingnition}\index{Serraglia, F.}\index{Favini, B.}\index{Di Giacinto, M.}\index{Neri, A.}},
  year         = {2004},
  month        = {November},
  organization = {ESA/DLR},
  note         = {Cologne},
}

@conference{doctors-2003,
  title     = {{The Influence of Viscosity on the Wavemaking of a Model Catamaran}\index{Doctors, L.J.}},
  author    = {Doctors, L.J.},
  booktitle = {$8^{th}$ International Workshop on Water Waves and Floating Bodies, Le Croisic, France},
  pages     = {12--1},
  year      = {2003}
}

@conference{favini-2002-jpc,
  author       = {Favini, Bernardo and Serraglia, Ferruccio and Di Giacinto, Maurizio},
  title        = {{Modeling of Flowfield Features During Ignition of Solid Rocket Motors}\index{Favini, B.}\index{Serraglia, F.}\index{Di Giacinto, M.}},
  year         = {2002},
  month        = {July},
  organization = {AIAA Paper 2002-3753},
  booktitle    = {$38^{th}$ AIAA/ASME/SAE/ASEE Joint Propulsion Conference, Indianapolis, Indiana},
}

@conference{digiacinto-2001-jpc,
  author       = {Di Giacinto, Maurizio and Serraglia, Ferruccio},
  title        = {{Modeling of Solid Motor Start-up}\index{Di Giacinto, M.}\index{Serraglia, F.}},
  year         = {2001},
  organization = {AIAA Paper 2001-3448},
  month        = {July},
  booktitle    = {$37^{th}$ AIAA/ASME/SAE/ASEE Joint Propulsion Conference, Salt Lake City, UT},
}

@conference{digiacinto-2001-aidaa,
  author       = {Di Giacinto, Maurizio and Serraglia, Ferruccio},
  title        = {{Modeling of SRM Ignition Transient: Role of the Main Phenomena}\index{Di Giacinto, M.}\index{Serraglia, F.}},
  year         = {2001},
  organization = {AIDAA},
  month        = {September},
  booktitle    = {$XVI$ Congresso Nazionale AIDAA, Palermo, Italy},
}

@conference{couser-1997,
  title     = {{Calm water powering predictions for high speed catamarans}\index{Couser, PR}\index{Molland, AF}\index{Armstrong, NA}\index{Utama, I.}},
  author    = {Couser, PR and Molland, AF and Armstrong, NA and Utama, I.},
  booktitle = {Fourth International Conference on Fast Sea Transportation},
  pages     = {765--773},
  year      = {1997}
}

@conference{oswald-1996,
  title     = {{Space-planes and launchers aerodynamic study with Euler and Navier-Stokes computations}\index{Oswald, J.}\index{Bousquet, JM}},
  author    = {Oswald, J. and Bousquet, JM},
  booktitle = {$20^{th}$ ICAS Congress, Naples, Italy},
  pages     = {1222--1232},
  month     = {September},
  year      = {1996}
}

@conference{spalart-1992,
  title     = {{A one-equation turbulence model for aerodynamic flows}\index{Spalart, P.R.}\index{Allmaras, S.R.}},
  author    = {Spalart, P.R. and Allmaras, S.R.},
  booktitle = {$30^{th}$ AIAA, Aerospace Sciences Meeting and Exhibit, Reno, NV},
  pages     = {1992},
  year      = {1992}
}

@conference{aso-1989,
  author       = {Aso, S. and Hayashi, M. and Tan, A.},
  title        = {{The Structure of Aerodynamic Heating in Three-Dimensional Shock Wave/Turbulent Boundary Layer Interactions Induced by Sharp and Blunt Fins}\index{Aso, S.}\index{Hayashi, M.}\index{Tan, A.}},
  year         = {1989},
  month        = {June},
  organization = {AIAA Paper 89-1854},
  booktitle    = {$20^{th}$ AIAA Fluid Dynamics, Plasma Dynamics and Lasers Conference, Buffalo, NY},
}

@conference{peery-1988,
  author    = {Peery, K.M. and Imlay, S.T.},
  title        = {{Blunt-body flow simulations}\index{Peery, K.M.}\index{Imlay, S.T.}},
  year         = {1988},
  month        = {July},
  organization = {AIAA},
  booktitle    = {$24^{th}$ AIAA/ASME/SAE/ASEE Joint Propulsion Conference, Boston, MA, AIAA-88-2904},
}
%----------------------------------------------------------------------------------------------------------------------------------
% techreport
% needed fields:   author, title, institution, year
% optional fields: type, number, address, month, note, key

@techreport{schepers-2012-thr,
  author      = {Schepers, J.G. and Boorsma, K. and Cho, T. and Gomez-Iradi, S. and Schaffarczyk, P. and Jeromin, A. and Shen, W.Z. and Lutz, T. and Meister, K. and Stoevesandt, B. and Schreck, S. and Micallef, D. and Pereira, R. and Sant, T. and Madsen, H.A. and S{\o}rensen, N. },
  title       = {{Final report of IEA Task 29, Mexnext (Phase 1): Analysis of Mexico wind tunnel measurements}},
  institution = {Energy Research Center of the Netherlands},
  year        = {2012},
  month       = {February},
}

@techreport{broglia-2011-thr,
  author      = {R. Broglia and S. Zaghi and F. Stern},
  title       = {{Calm water tests for the INSEAN-2554 catamaran model at several hull separations}\index{R. Broglia}\index{S. Zaghi}\index{F. Stern}},
  institution = {CNR-INSEAN, Istituto Naziaonale per Studi ed Esperienze di Architettura Navale},
  year        = {2011},
  number      = {in preparation}
}

@techreport{broglia-2011b-thr,
  author      = {R. Broglia and S. Zaghi and B. Jacob and A. Olivieri and A. Iafrati},
  title       = {{Wave cuts for the INSEAN-2554 catamaran model at several hull separations}\index{R. Broglia}\index{S. Zaghi}\index{B. Jacob}\index{A. Olivieri}\index{A. Iafrati}},
  institution = {CNR-INSEAN, Istituto Naziaonale per Studi ed Esperienze di Architettura Navale},
  year        = {2011},
  number      = {in preparation}
}

@techreport{ben-2011-thr,
  author      = {Bouscasse, B.},
  title       = {{Sea Keeping tests for the DELFT 372 Catamaran model}\index{B. Bouscasse}},
  institution = {INSEAN, Istituto Naziaonale per Studi ed Esperienze di Architettura Navale},
  year        = {2011},
  number      = {in preparation}
}

@techreport{dimascio-2011-thr,
  author      = {A. Di Mascio and R. Broglia and R. Muscari and G. Rossi and S. Zaghi and B. Favini},
  title       = {{Analysis of the Thermal Flow on the Surface of the Launcher VEGA}\index{A. Di Mascio}\index{R. Broglia}\index{R. Muscari}\index{G. Rossi}\index{S. Zaghi}\index{Favini, B.}},
  institution = {Dipartimento di Meccanica e Aeronautica dell'università di Roma \virgo{La Sapienza}, facoltà di Ingengeria Aerospaziale},
  year        = {2011},
  number      = {WP 14-Aerothermal Fluxes of VEGA Launcher-VG-ESA-SOW-004-IPT},
  month       = {February},
}

@techreport{dimascio-2010-thr-a,
  author      = {A. Di Mascio and R. Broglia and R. Muscari and S. Zaghi and B. Favini},
  title       = {{Technical Note on Xaer Code, Validation and Verification Tests}\index{A. Di Mascio}\index{R. Broglia}\index{R. Muscari}\index{S. Zaghi}\index{Favini, B.}},
  institution = {Dipartimento di Meccanica e Aeronautica dell'università di Roma \virgo{La Sapienza}, facoltà di Ingengeria Aerospaziale},
  year        = {2010},
  number      = {WP 14-Aerothermal Fluxes of VEGA Launcher-VG-ESA-SOW-004-IPT},
  month       = {July},
}

@techreport{dimascio-2010-thr-b,
  author      = {A. Di Mascio and R. Broglia and R. Muscari and S. Zaghi and B. Favini},
  title       = {{Numerical Simulation of the Compressible, Viscous and Heat Conducting Flow Field occurring above the VEGA Launcher in Flight Conditions by means of Code Xaer}\index{A. Di Mascio}\index{R. Broglia}\index{R. Muscari}\index{S. Zaghi}\index{Favini, B.}},
  institution = {Dipartimento di Meccanica e Aeronautica dell'università di Roma \virgo{La Sapienza}, facoltà di Ingengeria Aerospaziale},
  year        = {2010},
  number      = {WP 14-Aerothermal Fluxes of VEGA Launcher-VG-ESA-SOW-004-IPT},
  month       = {July},
}

@techreport{ramazzotti-2005-thr,
  author      = {Ramazzotti, Federico Maria and Favini, Bernardo},
  title       = {{Confronto di Modelli per la Dinamica di Miscele di Gas Ideali}\index{Ramazzotti, F.M.}\index{Favini, B.}},
  institution = {Dipartimento di Meccanica e Aeronautica dell'università di Roma \virgo{La Sapienza}, facoltà di Ingengeria Aerospaziale},
  year        = {2005},
  number      = {FRBF-0001},
  month       = {Giugno},
}

@techreport{schepers-2007-thr,
  author      = {Schepers, J.G. and Snel, H.},
  title       = {{Mexico project, Model experiments in controlled conditions}},
  institution = {Energy Research Center of the Netherlands},
  year        = {2007},
  key         = {ECN-E-07-042},
}

@techreport{somers-2005,
  title       = {{The S825 and S826 Airfoils}},
  note        = {Period of Performance: 1994--1995},
  author      = {Somers, D.M.},
  year        = {2005},
  institution = {National Renewable Energy Laboratory},
  address     = {1617 Cole Boulevard, Golden, Colorado 80401-3393, US}
}

@techreport{hand-2001,
  title       = {{Unsteady Aerodynamics Experiment Phase VI: Wind Tunnel Test Configurations and Available Data Campaigns}},
  author      = {Hand, M.M. and Simms, D.A. and Fingersh, L.J. and Jager, D.W. and Cotrell, J.R. and Schreck, S. and Larwood, S.M.},
  year        = {2001},
  institution = {National Renewable Energy Lab. (NREL), Golden, CO.(US)},
  key         = {NREL/TP-500-29955},
  month       = {December},
}

@techreport{vantveer-1998-rep1129,
 author      = {{van't Veer}, R.},
 title       = {{Experimental results of motions, hydrodynamic coefficients and wave loads on the 372 Catamaran model}\index{{van't Veer}, R.}},
 institution = {TU Delft, Report N.1129},
 year        = {1998},
}

@techreport{vantveer-1998-rep1130,
 author      = {{van't Veer}, R.},
 title       = {{Experimental results of motions and structural loads on the 372 catamaran model in head and oblique waves}\index{{van't Veer}, R.}},
 institution = {TU Delft, Report N.1130},
 year        = {1998},
}

@techreport{aftosmis-1997,
  author      = {Aftosmis, M.J.},
  title       = {{Solution Adaptive Cartesian Grid Methods for Aerodinamics Flows with Complex Geometries}\index{Aftosmis, M.J.}},
  institution = {von Karman Institute for Fluid Dynamics},
  year        = {1997},
  number      = {FRBF-0001},
  month       = {3-7 March},
  note        = {Lecture Series 1997-02},
}

@techreport{settles-1994-hyp,
  title       = {{Hypersonic Shock/Boundary-Layer Interaction Database: New and Corrected Data}\index{van Leer, B.}},
  author      = {Settles, G.S. and Dodson, L.J.},
  institution = {NASA Contractor Report},
  year        = {1994},
  month       = {April},
  number      = {177638},
  address     = {NASA Ames Research Center, Moffett Filed, California},
}

@techreport{cleijne-1992-thr,
  title       = {{Results of Sexbierum wind farm}},
  author      = {Cleijne, J.W.},
  institution = {Report MT-TNO Apeldoorn},
  year        = {1992},
  key         = {388},
  volume      = {92},
}

@techreport{settles-1991,
  title       = {{Hypersonic Shock/Boundary-Layer Interaction Database}\index{van Leer, B.}},
  author      = {Settles, G.S. and Dodson, L.J.},
  institution = {NASA Contractor Report},
  year        = {1991},
  month       = {April},
  number      = {177577},
  address     = {NASA Ames Research Center, Moffett Filed, California},
}

@techreport{leer-1981,
  title       = {{On the Relation Between the Upwind-Differencing Schemes of Godunov, Engquist-Osher and Roe}\index{van Leer, B.}},
  author      = {{van Leer}, Bram},
  institution = {ICASE, Institute for Computer Applications in Science and Engineering},
  year        = {1981},
  month       = {$16^{th}$ March},
  number      = {81-11},
  address     = {NASA Langley Research Center, Hampton, Virginia},
}

@techreport{greenberg-1946,
  author      = {Greenberg, J. M.},
  title       = {{Airfoil in Sinusoidal Motion in a Pulsating Stream}},
  institution = {NACA, National Advisory Committee for Aeronautics},
  year        = {1946},
  number      = {1326},
}

@techreport{theodorsen-1935,
  title       = {{General Theory of Aerodynamic Instability and the Mechanism of Flutter, NACA Report 496, 1935}},
  author      = {Theodorsen, Theodore},
  institution = {NACA, National Advisory Committee for Aeronautics},
  year        = {1935},
  pages       = {2--21},
  number      = {496},
}

%----------------------------------------------------------------------------------------------------------------------------------
% mastersthesis
% needed fields:   author, title, school, year
% optional fields: type, address, month, note, key

@mastersthesis{apponsah-2012-msd,
  title  = {{A Load-balancing Tool for Structured Multi-block CFD Applications Applied to a Parallel Newton-Krylov Algorithm}},
  author = {Apponsah, K.P.},
  year   = {2012},
  school = {University of Toronto},
  month  = {November},
  url    = {http://hdl.handle.net/1807/33324},
}

%----------------------------------------------------------------------------------------------------------------------------------
% phdthesis
% needed fields:   author, title, school, year
% optional fields: address, month, note, key

@phdthesis{zaghi-2009-phd,
  author = {Zaghi, S.},
  title  = {{SRM Igniter Jet Transient, Multidimensional Unsteady Gasdynamics}},
  school = {Scuola di Ingegneria Aerospaziale, Università degli Studi di Roma \emph{Sapienza}},
  year   = {2009},
}

@phdthesis{serraglia-2003-phd,
  author = {Serraglia, Ferruccio},
  title  = {{Modeling and Numerical Simulation of Ignition Transient of Large Solid Rocket Motors}\index{Serraglia, F.}},
  school = {Università degli Studi di Roma \virgo{La Sapienza}},
  year   = {2003},
}

@phdthesis{lacerda-1986,
  title  = {{On the Start Up of Supersonic Underexpanded Jets}\index{Lacerda, N.L.}},
  author = {Lacerda, N.L.},
  year   = {1986},
  school = {PhD Thesis, California Institute of Technology, Pasadena, California}
}

@phdthesis{dougherty-1985,
  title  = {{Development of a Chimera grid scheme with applications to unsteady problems}\index{Dougherty, F.C.}},
  author = {Dougherty, F.C.},
  year   = {1985},
  school = {Stanford University}
}

%----------------------------------------------------------------------------------------------------------------------------------
% book
% needed fields:   author/editor, title, publisher, year
% optional fields: volume, series, address, edition, month, note, key, pages

@book{bertram-2012,
  title     = {Practical Ship Hydrodynamics},
  author    = {Bertram, V.},
	publisher = {Butterworth-Heinemann},
	year      = {2012},
	address   = {Oxford},
	edition   = {Second Edition},
	ISBN      = {978-0-08-097150-6},
}

@book{toro-b-2009,
  author    = {Toro, E.F.},
  title     = {{Riemann Solvers and Numerical Methods for Fluid Dynamics, A Practical Introduction}\index{Toro, E.F.}},
  publisher = {Springer},
  year      = {2009},
  edition   = {$3^{rd}$},
  pages     = {724},
  ISBN      = {978-3-540-25202-3},
  DOI       = {10.1007/978-3-540-49834-6},
}

@book{coleman-2009,
  title     = {{Experimentation, validation, and uncertainty analysis for engineers}\index{Coleman, H.W.},\index{Steele, W.G.}},
  author    = {Coleman, H.W. and Steele, W.G.},
  year      = {2009},
  publisher = {John Wiley \& Sons}
}

@book{roache-b-2009,
  title     = {{Fundamentals of verification and validation}},
  author    = {Roache, P.J.},
  year      = {2009},
  publisher = {Hermosa Publishers},
  pages     = {476},
  ISBN      = {0913478121},
}

@book{butcher-b-2008,
  title     = {{Numerical Methods for Ordinary Differential Equations}},
  author    = {Butcher, J.C.},
  publisher = {Wiley},
  year      = {2008},
  month     = {March},
  edition   = {2},
  pages     = {482},
  ISBN      = {978-0-470-72335-7},
}

@book{calero-2008,
  title     = {The genesis of fluid mechanics, 1640-1780 (Studies in history \& philosophy of science, Vol. 22)},
  author    = {Calero, J.S.},
  year      = {2008},
  publisher = {Springer},
  ISBN      = {978-1-4020-6414-2},
}

@book{canuto-b-2007,
  title     = {{Spectral Methods: Evolution to Complex Geometries and Applications to Fluid Dynamics}},
  author    = {Canuto, C.G. and Hussaini, Y. and Quarteroni, A. and Zang, T.A.},
  series    = {Scientific Computation},
  year      = {2007},
  publisher = {Springer-Verlag Berlin Heidelberg},
  URL       = {http://books.google.it/books?id=7COgEw5\_EBQC},
  ISBN      = {9783540307280},
}

@book{num-rec-2007,
  title     = {{Numerical recipes: The art of scientific computing}},
  author    = {William H. and Teukolsky, Saul A. and Vetterling, William T. and Flannery, Brian P.},
  year      = {2007},
  publisher = {Cambridge University Press},
  edition   = {$3^{rd}$},
  address   = {New York, NY, USA},
  ISBN = {0521880688},
}

@book{warsi-b-2006,
  title     = {{Fluid Dynamics: Theoretical and Computational Approaches}\index{Warsi, Z.U.A.}},
  author    = {Warsi, Z.U.A.},
  year      = {2006},
  publisher = {CRC Press}
}

@book{darrigol-2005,
  title     = {Worlds of Flow: A History of Hydrodynamics from the Bernoullis to Prandtl},
  author    = {Darrigol, O.},
  year      = {2005},
  publisher = {Oxford University Press},
  ISBN      = {9780198568438},
}

@book{faltinsen-2005,
  title     = {{Hydrodynamics of High-Speed Marine Veicles}\index{Faltinsen, O.M.}},
  author    = {Faltinsen, O.M.},
  year      = {2005},
  publisher = {Cambridge University Press}
}

@book{bittencourt-2004,
  title     = {Fundamentals of plasma physics},
  author    = {Bittencourt, J.A.},
  year      = {2004},
  publisher = {Springer},
}

@book{butcher-b-2003,
  title     = {{Numerical methods for ordinary differential equations}},
  author    = {Butcher, J.C.},
  volume    = {2},
  year      = {2003},
  publisher = {Wiley}
}

@book{digiacinto-b-2002,
  author    = {Di Giacinto, M.},
  editor    = {Kuo, K.K. and De Luca, L.},
  title     = {{Numerical Simulation of Solid Motor Ignition Transient}\index{Di Giacinto, M.}},
  publisher = {Begell House Inc., New York, 2001},
  year      = {2002},
  number    = {5-ISICP-027-8-pp-MDG},
  month     = {June},
  note      = {$5^{th}$ International Symposium on Special Topics in Chemical Propulsion, Stresa, Italy},
}

@book{leveque-b-2002,
  title     = {Finite volume methods for hyperbolic problems},
  author    = {LeVeque, R.J.},
  volume    = {31},
  year      = {2002},
  publisher = {Cambridge university press}
}

@book{burton-2001,
  title     = {{Wind Energy Handbook}},
  author    = {Burton, T. and Sharpe, D. and Jenkins, N. and Bossanyi, E.},
  year      = {2001},
  publisher = {John Wiley and Sons}
}

@book{settles-b-2001,
  title     = {{Schlieren and shadowgraph techniques: visualizing phenomena in transparent media}\index{Gary S. Settles}},
  author    = {Settles, G.S.},
  year      = {2001},
  publisher = {Springer Verlag}
}

@book{pope-b-2000,
  author    = {Pope, S.B.},
  title     = {{Turbulent Flows}\index{Pope, S.B.}},
  year      = {2000},
  publisher = {Cambridge University Press},
}

@book{barth-b-1999,
  title     = {{High-Order Methods for Computational Physics}},
  author    = {Barth, T.J. and Deconinck, H.},
  volume    = {9},
  year      = {1999},
  publisher = {Springer},
  series    = {Lecture notes in computational science and engineering},
  ISBN      = {3-540-65893-9},
}

@book{sabetta-b-1999,
  author    = {Sabetta, F.},
  title     = {{Gasdinamica}\index{Sabetta, F.}},
  publisher = {Edizini Ingegneria 2000},
  year      = {1999},
}

@book{gori-b-1999,
  author    = {Gori, L.},
  title     = {{Calcolo Numerico}\index{Gori, L.}},
  publisher = {Edizioni Kappa},
  year      = {1999},
  edition   = {{IV}},
}

@book{knuth-1998-vol3,
 author    = {Knuth, D.E.},
 title     = {{The art of computer programming,  volume 3: sorting and searching}},
 edition   = {$2^{nd}$},
 volume    = {3},
 year      = {1998},
 publisher = {Addison Wesley Longman Publishing Co., Inc.},
 address   = {Redwood City, CA, USA},
 ISBN      = {0-201-89685-0},
}

@book{roache-b-1998,
  author    = {Roache, P.J.},
  title     = {{Verification and validation in computational science and engineering}},
  publisher = {Hermosa},
  address   = {Albuquerque, NM},
  year      = {1998},
  pages     = {446},
  ISBN      = {0913478083},
}

@book{aiaa-guide-vv-1998,
 author    = {{American Institute of Aeronautics \& Astronautics Staf.}},
 title     = {{AIAA Guide for the Verification and Validation of Computational Fluid Dynamics Simulations}},
 year      = {1998},
 number    = {AIAA G-077 Document Information},
 ISBN      = {1563472856},
 publisher = {American Institute of Aeronautics \& Astronautics},
}

@book{toro-b-1997,
  author    = {Toro, E.F.},
  title     = {{Riemann Solvers and Numerical Methods for Fluid Dynamics, A Practical Introduction}\index{Toro, E.F.}},
  publisher = {Springer},
  year      = {1997},
  edition   = {$1^{st}$}
}

@book{anderson-1995,
  title     = {{Computational Fluid Dynamics: the Basics with Applications}},
  author    = {Anderson, J.D.},
  year      = {1995},
  publisher = {Science/Engineering/Math, McGraw-Hill},
  ISBN      = {0-07-001685-2},
}

@book{sagan-1994,
  title     = {{Space-filling curves}},
  author    = {Sagan, H.},
  year      = {1994},
  publisher = {Springer-Verlag (New York)}
}

@book{schiesser-b-1991,
  title     = {{The numerical method of lines: integration of partial differential equations}\index{Schiesser, W.E.}},
  author    = {Schiesser, W.E.},
  year      = {1991},
  publisher = {Academic Press (San Diego)}
}

@book{thompson-1985,
  title     = {{Numerical Grid Generation: Foundations and Applications}\index{Thompson, J.F.}\index{Warsi, Z.U.A.}\index{Mastin, C.W.}},
  author    = {Thompson, J.F. and Warsi, Z.U.A. and Mastin, C.W.},
  year      = {1985},
  publisher = {Elsevier North-Holland, Inc. New York, NY, USA}
}

@book{hageman-b-1981,
  title     = {Applied iterative methods},
  author    = {Hageman, L.A. and Young, D.M.},
  year      = {1981},
  publisher = {Academic Press, New York}
}

@book{richtmyer-b-1967,
author    = {Richtmyer, R.D. and Morton, K.W.},
publisher = {Wiley},
title     = {{Difference Methods for Initial-value Problems}\index{Richtmyer, R.D.}\index{Morton, K.W.}},
year      = {1967},
volume    = {4},
series    = {Interscience tracts in pure and applied mathematics},
address   = {New York},
}

@book{rudinger-b-1955,
author    = {Rudinger, G.},
publisher = {D. van Nostrand Company, INC., New York},
title     = {{Wave Diagrams for Nonsteady Flow in Ducts}\index{Rudinger, G.}},
year      = {1955},
}

@book{gibbs-b-1906,
  title     = {{The Scientific Papers of J. Willard Gibbs}\index{Gibbs, J.W.}},
  author    = {Gibbs, J.W.},
  year      = {1906},
  publisher = {Longmans, Green and co, N.Y.}
}

@book{euler-b-1768,
  title     = {{Institutionum Calculi Integralis}},
  author    = {Euler, L.},
  volume    = {1},
  year      = {1768},
  publisher = {Petropoli, Academiae Imperialis Scientiarum}
}

@book{dalembert-b-1752,
  title     = {Essai d'une nouvelle theorie de la r{\'e}sistance des fluides},
  author    = {Alembert, J.L.R.},
  year      = {1752},
  publisher = {David l'a{\^\i}n{\'e}},
  pages     = {212},
  url       = {http://books.google.it/books?id=Goc\_AAAAcAAJ},
}

@book{euler-b-1749,
  title     = {{Scientia navalis seu Tractatus de construendis ac dirigendis navibus}},
  author    = {Euler, L.},
  volume    = {1},
  year      = {1749},
  publisher = {Petropoli, Academiae Imperialis Scientiarum},
  url       = {http://books.google.it/books?id=CApPAAAAcAAJ},
}

@book{dalembert-b-1744,
  title     = {Trait{\'e} sur l'{\'e}quilibre et du mouvement des fluides: pour servir de suite au trait{\'e} de Dynamique},
  author    = {d'Alembert, J.L.R.},
  year      = {1744},
  publisher = {David l'a{\^\i}n{\'e}},
  pages     = {458},
  url       = {http://books.google.it/books?id=mCUOAAAAQAAJ},
}

@book{bernoulli-b-1738,
  title     = {{Hydrodynamica, sive de Viribus et motibus fluidorum commentarii, opus academicum...}},
  author    = {Bernoulli, D.},
  year      = {1738},
  publisher = {Argentorati: Sumptibus Johannis Reinholdi Dulseckeri},
  url       = {http://books.google.it/books?id=Pm3BTRKVF-4C},
}

@book{newton-b-1736,
  title     = {{The Method of Fluxions and Infinite Series: With Its Application to the Geometry of Curve-lines}},
  author    = {Newton, I.},
  note      = {Translated from the Author's Latin Original by John Colson},
  year      = {1736},
  publisher = {Royal Society, printed by Henry Woodfall and sold by John Nourse}
}

@book{taylor-b-1717,
  title      = {{Methodus Incrementorum directa \& Inversa}},
  author     = {Taylor, B.},
  year       = {1717},
  publisher  = {Londini, Glulielmi Innys ad Infignia Principis in Coemetrie D. Pauli}
}

@book{bernoulli-b-1714,
  title     = {Essay d'une nouvelle theorie de la manoeuvre des vaisseaux: avec quelques lettres sur le m{\^e}me sujet},
  author    = {Bernoulli, J.},
  year      = {1714},
  publisher = {Basle: Jean George K{\"o}nig},
  url       = {http://books.google.it/books?id=leTysU7yX60C},
}

@book{raphson-b-1702,
  title     = {{Analysis \AE~quationum Universalis}},
  author    = {Raphson, J.},
  year      = {1702},
  publisher = {Royal Society, Cambridge}
}

@book{newton-b-1687,
  title     = {{Philosophi{\ae} Naturalis Principia Mathematica}},
  author    = {Newton, I.},
  year      = {1687},
  publisher = {Jussu Societatis Regi\ae ac Typis Joseph Streater ...},
  volume    = {12},
  address   = {Londini},
  pages     = {510},
}

@book{torricelli-b-1644,
  title     = {{Opera Geometrica}},
  author    = {Torricelli, E.},
  year      = {1644},
  publisher = {typis A. Masse \& L. de Landis},
  address   = {Florenti\ae},
  pages     = {394},
}

%----------------------------------------------------------------------------------------------------------------------------------
% misc (miscellanea)
% needed fields: none
% optional fields: author, title, howpublished, month, year, note, key

 @misc{pierella-2012,
  title        = {{Invitation to the 2012 "Blind test 2" Workshop Calculations for two wind turbines in line}},
  author       = {Pierella, F. and Eriksen, P.E. and S{\ae}tran, L. and Krogstad, P.{\AA}.},
  howpublished = {Published by the Department of Energy and Process Engineering, NTNU},
  month        = {$30^{th}$ March},
  year         = {2012}
}

@misc{asme-vv-2009,
  title       = {{Standard for Verification and Validation in Computational Fluid Dynamics and Heat Transfer}},
  author      = {ASME},
  institution = {The American Society of Mechanical Engineers},
  year        = {2009},
  month       = {November},
}

@misc{fortran-2003-std,
  title        = {{Draft International Standard for Fortran 2003}},
  howpublished = {Published by the International Fortran standards committee, ISO/IEC JTC1/SC22},
  month        = {$5^{th}$ March},
  year         = {2004},
  key          = {ISO/IEC DIS 1539-1:2004(E)},
  URL          = {ftp://ftp.nag.co.uk/sc22wg5/N1601-N1650/N1601.pgf.gz}
}
